2126 3532
228 101 243 168 rt
292 145 297 156 .
336 130 338 133 -
413 113 547 162 sarran
563 112 646 164 xum.
936 110 966 156 aa

93 199 223 255 Invidios
260 199 339 256 dabit
358 200 487 254 minimus
507 201 605 256 solatia
625 201 743 270 sanguis.
794 221 797 228 ¹

93 270 164 330 “At
182 277 227 330 vin
248 331 254 346 Ι,
275 281 304 330 ta
324 276 426 329 bonum
444 277 502 332 uita
517 275 668 346 jucundius
685 277 770 348 ipsa.’'
925 293 962 333 mo

93 352 206 421 Nempe
224 352 277 408 hoe
295 353 410 418 indocti,
431 369 547 422 quorum
566 355 728 423 praecordia
746 353 829 410 nullis

93 427 243 483 Interdum
263 433 311 483 aut
329 429 437 484 levibus
456 429 551 498 videas
570 429 715 498 flagrantia
730 432 833 486 causis.

94 505 344 574 Quantumcunque
364 506 435 560 adeo
454 509 497 560 est
518 509 631 575 occasio,
653 507 753 562 suffieit
773 507 838 564 irae.

94 581 267 652 Chrysippus
286 599 340 636 non
355 581 436 638 dicet
455 582 531 639 idem
551 600 604 638 nec
624 583 691 638 mite
711 583 832 640 Thaletis

94 657 243 732 ingenium
263 659 392 728 dulcique
411 675 496 714 senex
514 659 618 734 vicinus
640 659 785 728 Hymetto,
843 661 845 674 '
924 677 988 724 rcus„

95 733 152 799 Qui
172 739 280 804 partem
299 739 428 806 acceptae
446 752 527 790 saeva
547 735 621 790 inter
639 735 730 790 vincla
748 734 856 792 cicutae

94 811 260 865 Accusatori
278 812 364 868 nollet
383 811 458 868 darc.
496 811 620 866 Plurima
638 811 706 868 felix

94 887 244 942 Paullatim
265 889 333 944 vitia
351 892 436 959 atque
455 905 562 944 errores
581 889 658 943 exuit
678 903 783 956 omues,

94 963 191 1018 Prima
211 965 293 1020 docet
309 969 418 1020 rectum
437 965 593 1035 Sapientia3
618 965 721 1035 quippe
742 965 843 1020 minuti

94 1041 212 1110 Semper
229 1045 259 1096 ct
278 1043 381 1096 infirmi
402 1046 446 1098 est
465 1041 549 1096 animi
569 1041 717 1110 exiguique
734 1041 863 1112 voluptas
923 1058 959 1098 roa
986 1096 989 1104 ,

94 1117 189 1184 Ultio;
212 1119 340 1174 continuo
358 1119 398 1173 sic
417 1119 521 1188 collige,
541 1119 617 1187 quod
637 1117 762 1172 vindicta

94 1193 123 1248 N
125 1210 186 1248 emo
203 1195 409 1264 magisgaudet
425 1211 507 1264 quam
523 1195 631 1248 femina
669 1194 726 1248 Cur
743 1196 839 1252 tamen
856 1194 908 1252 hos
926 1199 958 1250 tu

94 1269 223 1325 Evasisee
242 1275 324 1340 putes
342 1289 411 1340 quos
431 1271 482 1326 diri
503 1271 612 1326 conseia
629 1271 698 1329 faeti

93 1347 176 1404 Mene
196 1348 281 1403 habet
301 1348 434 1404 ammas
455 1351 484 1404 et
503 1348 587 1402 surdo
608 1348 723 1404 verbere
743 1347 844 1417 caedit,

94 1423 241 1479 Occultum
259 1425 403 1492 quatiente
422 1425 512 1480 animo
532 1427 638 1480 tortore
657 1424 815 1493 flagellum?
919 1441 956 1480 roe

94 1499 189 1554 Poena
207 1505 300 1556 autem
319 1502 465 1556 vehemens
482 1517 515 1556 ae
534 1501 621 1556 multo
641 1501 748 1556 saevior
767 1501 829 1570 illis,

95 1576 170 1641 Quas
189 1581 219 1632 et
239 1578 382 1633 Caedicius
400 1577 492 1647 gravis
511 1577 616 1632 invenit
637 1581 686 1632 aut
705 1577 942 1646 Rhadamanthus,

93 1653 184 1708 Nocte
203 1653 303 1724 dieque
323 1673 403 1708 suum
420 1659 530 1723 gestare
549 1655 579 1708 in
599 1659 711 1724 pectore
730 1657 839 1709 testem.
951 1717 953 1721 ,

95 1729 229 1799 Spartano
248 1731 356 1786 cuidam
377 1731 521 1800 respondit
541 1731 641 1800 Ppthia
661 1733 746 1798 valea,

95 1806 180 1860 Haud
197 1807 364 1878 impunitum
383 1807 521 1876 quondam
540 1808 607 1876 fore,
627 1807 703 1876 quod
724 1806 868 1867 dubitaret
915 1828 952 1874 cic

94 1883 256 1953 Depositum
275 1883 397 1938 retinere
416 1887 446 1938 ct
465 1884 592 1938 fraudem
611 1882 677 1952 jure
698 1885 772 1938 tueri

92 1960 233 2016 iurando:
257 1961 409 2029 quaerebat
426 1960 501 2014 enim
522 1977 594 2028 quae
613 1960 732 2014 numinis
751 1963 826 2016 essct

93 2036 180 2103 Meus,
200 2039 229 2091 et
245 2053 284 2090 au
302 2036 353 2090 hoe
372 2036 412 2089 illi
431 2035 538 2091 facinus
557 2035 690 2092 euaderet
713 2037 832 2105 Apollo.-

94 2111 229 2167 Iteddidit
249 2129 314 2181 ergo
333 2118 410 2166 metu
428 2129 483 2166 non
502 2111 638 2177 moribus3
662 2114 692 2166 et
711 2115 803 2168 tamen
825 2128 950 2181 omnem,

94 2187 197 2243 Vocem
215 2189 290 2259 adyti
308 2189 421 2257 dignam
436 2188 541 2258 templo
558 2203 707 2258 veramque
724 2186 852 2256 probavit
917 2203 952 2257 soa

94 2263 253 2320 Exstinetus
270 2268 331 2320 tota
348 2267 453 2335 pariter
470 2281 533 2319 cum
550 2263 627 2333 prole
647 2263 785 2334 domoque

94 2340 131 2396 Et
148 2343 271 2411 quamvis
288 2342 370 2411 longa
387 2341 514 2399 deductis
531 2344 615 2407 geute
632 2341 804 2409 propinquis.

94 2418 154 2472 Has
171 2419 277 2488 patitur
294 2435 395 2488 poenas
412 2417 545 2488 peccandi
562 2417 621 2472 sola
638 2416 773 2471 voluutas.

93 2495 165 2566 Nam
182 2496 272 2552 scelus
288 2495 362 2550 intra
378 2511 408 2550 se
426 2495 542 2552 tacitum
561 2494 609 2563 qni
627 2493 731 2562 cogitat
749 2493 835 2562 ullum
860 2557 862 2560 Ι
949 2513 956 2564 g

94 2571 172 2626 Facti
190 2572 292 2626 em'men
310 2570 402 2625 habet.
441 2570 516 2625 Cedo
533 2571 557 2624 ei
575 2573 674 2624 conata
691 2570 816 2638 peregit?
915 2585 951 2622 uo

94 2647 231 2717 Perpetua
248 2649 373 2703 anxietas
390 2664 442 2720 nec
458 2663 570 2701 mensae
588 2650 714 2715 tempore
732 2649 827 2714 cessat,

94 2723 229 2778 Faucibus
246 2729 279 2779 ut
296 2724 392 2778 morbo
409 2723 495 2792 siccis,
512 2723 639 2792 interque
657 2721 775 2776 molares

94 2801 202 2854 Difficili
219 2806 360 2856 crescente
378 2801 454 2856 cibo:
473 2799 524 2856 sed
541 2800 604 2854 vina
620 2797 741 2854 misellus

95 2876 226 2945 Exepuit;
244 2878 346 2933 Albani
363 2877 466 2932 veteris
484 2877 607 2945 pretiosa
624 2877 751 2929 senectus

95 2951 238 3021 Displicet3
256 2954 386 3016 oetemlas
402 2953 507 3021 melius,
526 2951 687 3008 densissima
703 2967 801 3020 ruga-3
827 2983 831 2992 ,
906 2967 955 3004 ers·

96 3028 208 3096 Cogitur
224 3029 252 3083 in
270 3030 396 3098 montem,
413 3028 490 3085 velut
507 3029 564 3084 acri
582 3029 666 3082 ducta
684 3027 809 3084 Falerno.

94 3103 118 3158 N
120 3108 180 3158 octe
192 3105 310 3170 ¹brevem
330 3105 353 3158 ei
370 3106 443 3160 forte
461 3106 575 3160 indulsit
593 3121 660 3158 eura
676 3120 803 3173 soporem
952 3139 954 3148 ‹

95 3181 129 3237 lit
145 3183 206 3236 toto
223 3184 332 3244 remoto
349 3181 484 3252 lorojam
501 3180 626 3254 membra
643 3181 795 3251 quiescunt,
891 3241 892 3246 γ

834 3272 876 3311 us
