2126 3532
110 140 140 188 ss
344 135 377 186 n.
396 123 727 186 summoventium

19 217 22 224 ’
105 230 185 282 lutra
197 241 268 297 quae
279 241 350 297 puer
361 227 411 280 est.
443 226 542 280 Procul
554 225 623 294 hine,
635 228 731 297 procul
743 226 810 282 inde
821 227 933 298 puellae
944 245 971 286 ss

104 305 247 358 Lenonum
265 306 295 356 et
314 305 411 356 cantus
431 303 620 372 pernoctantis
635 303 755 372 parasiti.

104 379 226 433 Maxima
247 378 367 434 debetur
385 393 471 447 puero
490 379 652 433 reverentia.
689 379 718 433 ai
738 379 807 450 quid

104 455 194 524 Turpe
213 471 301 524 paras,
321 471 357 508 ne
376 458 408 508 tu
426 455 505 524 pueri
525 455 721 525 contempseris
739 471 832 527 annos,

104 531 161 584 Sed
183 533 332 599 peccaturo
351 531 470 586 obsistat
488 527 540 584 tibi
561 529 632 584 filius
651 528 748 587 nuans.

103 606 175 662 Nam
200 607 309 676 siquid
332 606 445 676 dignum
465 608 590 662 Censoris
609 607 705 662 feeerit
723 609 765 663 ira
941 629 969 668 so

104 683 275 753 Quandoque
294 687 324 738 et
345 684 460 738 similem
482 684 533 738 tibi
553 701 582 738 se
601 699 655 737 non
675 701 790 754 corpore
807 688 921 742 tantum

103 760 162 814 Nec
181 761 261 815 vultu
282 760 401 829 dederit,
422 775 528 815 morum
549 777 658 830 quoquo
677 761 749 816 filius
767 765 798 818 et
819 765 868 834 qui

104 835 202 890 Omnia
221 836 346 891 deterius
365 841 414 892 tua
433 854 483 906 per
500 839 618 906 vestigia
636 841 739 907 peccet,

103 911 240 981 Corripies
259 914 387 968 nimirum
409 919 439 968 et
458 914 605 982 castigabis
623 914 722 968 acerbo

104 988 230 1043 Clamore
249 1005 281 1043 ac
300 995 363 1059 post
383 991 451 1045 haec
471 991 579 1046 tabulas
601 993 709 1044 mutare
728 989 846 1058 parabis
937 1009 964 1047 es

101 1065 185 1119 Unde
204 1065 255 1120 tibi
275 1066 394 1121 frontem
413 1067 627 1134 libertatemque
645 1066 768 1136 parentis

102 1140 192 1205 Quum
211 1141 296 1196 facias
316 1141 413 1212 pejora
431 1159 526 1211 senex,
542 1157 712 1211 vacuumque
730 1142 845 1196 cerebro

100 1217 166 1272 Jam
184 1218 292 1288 pridem
311 1223 395 1289 caput
414 1219 465 1274 hoc
484 1223 599 1274 ventose
618 1219 760 1289 cucurbita
779 1222 914 1288 quaerat?

135 1295 255 1365 Hospite
273 1300 389 1350 venturo
408 1296 528 1350 cessabit
543 1312 624 1350 nemo
645 1299 762 1349 tuorum.

102 1371 209 1426 “Verre
227 1372 424 1442 pavimentum,
443 1373 546 1428 nitidas
565 1371 680 1426 ostende
700 1371 850 1439 columnas,
935 1389 961 1429 eo

101 1447 190 1502 Arida
208 1465 270 1510 cum
289 1451 351 1504 tota
370 1449 523 1504 descendat
541 1465 640 1503 aranea
657 1447 729 1514 telu;

102 1523 156 1579 Hic
174 1525 235 1580 leve
251 1529 404 1594 argeutum,
426 1541 491 1580 vasa
511 1541 608 1596 aspera
627 1527 737 1594 tergeat
755 1523 851 1590 alter,”

100 1600 162 1654 Vox
181 1600 284 1656 domini
302 1602 370 1656 furit
390 1602 520 1658 instantis
539 1602 698 1670 virgamque
718 1601 847 1656 maeatis

99 1677 173 1746 Ergo
190 1679 273 1732 miser
290 1678 414 1748 trepidas
432 1693 469 1733 ne
488 1682 610 1732 stercore
628 1677 710 1730 foeda
729 1675 826 1730 canino

100 1753 181 1808 Atria
200 1754 363 1825 displiceant
382 1756 467 1810 oculis
486 1754 620 1810 venientis
639 1753 727 1822 aunei
929 1769 955 1810 aa

99 1829 125 1882 N
127 1845 158 1884 ec
175 1831 286 1899 perfusa
305 1832 365 1886 luto
385 1833 422 1887 sit
440 1832 570 1903 porticus,
589 1832 628 1899 (st
646 1833 739 1884 tanim
756 1847 813 1885 nno

99 1906 226 1961 &emedio
245 1908 333 1962 scobis
353 1908 420 1964 haee
440 1907 571 1962 emendat
589 1906 712 1962 servulus
730 1906 821 1976 amm)

99 1982 173 2038 illud
192 2000 246 2038 non
265 1985 353 2053 agitas
372 1989 405 2040 ut
423 1989 547 2039 sanctam
567 1983 638 2037 filius
659 1983 733 2036 omni

99 2059 223 2128 Aspiciat
241 2061 300 2114 siue
318 2061 380 2116 labe
392 2060 513 2132 ¹domum
533 2060 655 2128 vitioque
673 2062 819 2114 carentem.

97 2139 213 2195 Gratum
231 2145 275 2196 e'st
293 2141 368 2212 quod
384 2143 491 2212 patriae
507 2141 592 2196 civem
610 2139 765 2210 populoque
783 2140 894 2210 mauu
930 2156 955 2200 aa

97 2215 126 2268 Si
143 2217 209 2272 facis
227 2223 259 2273 ut
276 2219 383 2289 patriae
401 2220 438 2273 sit
455 2218 578 2285 idoneus,
596 2215 672 2270 utilis
689 2215 770 2284 agris,

96 2291 181 2347 Utilis
205 2297 235 2349 et
254 2294 387 2348 bellorum
406 2298 437 2349 et
455 2295 531 2365 pacis
550 2292 634 2348 rebus
654 2292 776 2360 agendis.

97 2367 247 2423 Plurimum
255 2371 328 2424 enim
335 2371 462 2426 intererit
470 2371 568 2440 quibus
581 2369 686 2424 artibus
694 2368 952 2439 atquibushunctu

67 2441 69 2445 ’
96 2445 220 2500 Moribus
238 2446 373 2502 lustituas.
410 2447 544 2516 serpente
562 2446 665 2501 ciconia
683 2445 772 2515 pullos

95 2520 194 2576 Nutrit
212 2525 241 2576 et
258 2522 370 2577 iuventa
387 2539 438 2594 per
456 2523 535 2579 devia
553 2540 617 2577 rura
635 2522 753 2589 lacerta3
927 2535 953 2579 75

95 2597 142 2651 llli
162 2598 259 2653 eadem
278 2599 376 2654 sumtis
397 2604 533 2671 quaerunt
553 2599 679 2654 animalia
698 2599 796 2670 pinnis.

95 2675 205 2743 Vultur,
218 2675 346 2744 jumento
363 2680 393 2732 et
410 2678 522 2733 canibus
540 2676 722 2744 crucibusque
738 2675 849 2745 relictis,

95 2751 144 2805 Ad
161 2752 234 2808 fetus
250 2757 381 2824 properat
398 2758 561 2824 partemque
579 2753 718 2807 cadaveris
736 2752 823 2807 affert

95 2827 150 2882 Hie
166 2833 210 2884 est
228 2847 293 2900 ergo
310 2831 387 2885 cibus
403 2831 495 2900 magni
513 2845 622 2900 quoque
640 2829 758 2884 vulturis
775 2832 805 2882 et
819 2843 852 2883 se

95 2903 243 2972 Pascentis,
261 2907 371 2976 propria
389 2923 473 2976 quum
487 2907 547 2974 jam
565 2906 631 2960 facit
648 2905 747 2960 arbore
763 2903 852 2958 nidos.
925 2919 951 2960 so

95 2977 150 3032 Sed
161 2979 282 3048 leporem
294 2986 482 3050 autcapream
494 2982 613 3035 famulae
625 2981 644 3033 J
646 2980 704 3033 ovis
716 2983 745 3034 et
761 2994 912 3048 generosae

96 3052 130 3107 ln
147 3054 219 3107 saltu
236 3059 372 3108 venantur
388 3071 468 3122 avesq
485 3056 548 3110 hinc
566 3057 671 3125 praeda
688 3055 771 3110 cubili

115 3127 223 3181 unitur:
242 3129 423 3196 inassatam,
443 3147 528 3199 quum
545 3147 575 3184 se
594 3135 703 3184 matura
721 3127 823 3184 levabit

139 3201 243 3271 >genie
260 3203 418 3260 stimulante
435 3206 515 3273 fame,
535 3205 650 3260 festinat
666 3205 703 3259 sd
720 3205 796 3259 illam

1039 2031 1044 2078 l
