2134 3536
432 126 565 176 SATIRA
581 126 616 178 V..
918 127 950 178 25

96 217 186 272 Nemo
203 217 276 286 petit
293 215 406 271 modieis
424 232 496 286 quae
515 215 698 272 mittebantur
717 215 811 271 amieis

98 296 127 350 A
145 295 254 364 Seneca,
272 311 343 364 quae
361 293 425 348 Piso
442 293 536 362 bouus,
554 311 624 364 quae
643 294 725 349 Getta
739 291 845 348 solebat

97 371 219 440 Largiri:
241 388 360 439 namque
378 373 408 425 et
424 371 513 426 titulis
530 374 560 425 et
577 371 694 425 fascibus
709 370 774 424 olim
912 381 949 428 uo

96 448 190 518 Major
207 447 361 503 habebatur
379 447 499 502 donandi
515 447 616 516 gloria:
642 447 729 502 solum

97 525 239 580 Posoimus
256 529 289 580 ut
306 543 404 580 coenes
422 525 543 580 civiliter.
581 526 642 580 Hoc
660 525 719 580 faoe
737 527 767 580 et
785 527 855 592 esto,

96 601 173 670 Esto,
191 607 223 658 ut
240 619 313 658 nuno
328 603 418 668 multi
438 602 513 656 dives
531 602 583 656 tibi
600 619 706 673 pauper
723 601 825 656 arniois.

133 681 247 735 Anseris
265 684 328 736 ante
345 680 435 750 ipsum
452 679 544 749 magni
557 679 644 748 jecur,
663 678 805 734 anseribus
827 694 878 748 par

97 756 191 811 Altilis
208 761 238 812 et
255 758 318 813 flavi
336 759 435 826 dignus
452 758 525 811 ferro
544 757 675 826 Meleagri
911 768 947 808 115

96 833 198 888 Fumat
216 852 292 906 aper:
317 835 469 904 posthunc
487 833 632 888 tradentur
649 833 755 903 tubera,
773 832 797 887 si
814 848 863 890 ver

96 908 172 965 Tune
189 911 241 966 erit
260 915 290 966 et
307 911 408 966 facient
425 913 520 981 optata
538 911 659 964 tonitrua
677 927 775 965 coenas

96 985 228 1056 Majores.
263 989 343 1043 “Tibi
361 988 433 1042 habe
449 988 641 1058 frumentum‚'’
662 987 781 1041 Allidius
798 987 898 1056 iuquit,

95 1061 140 1116 “0
159 1063 259 1134 Libye3
277 1066 403 1134 disjunge
421 1065 504 1120 boves
522 1065 588 1119 dum
606 1065 705 1120 tubera
721 1063 840 1119 mittas.”

94 1137 264 1196 Structorem
281 1142 393 1211 interea,
412 1159 448 1196 ne
465 1159 520 1212 qua
537 1142 689 1210 indignatio
707 1141 788 1210 desit,
909 1153 945 1194 1ao

94 1213 248 1272 Saltautem
265 1221 372 1288 spectas
390 1221 419 1272 et
437 1219 642 1272 chironomunta
659 1217 760 1272 volanti

94 1290 221 1363 Cultello,
241 1294 328 1348 donee
345 1297 460 1364 peragat
478 1294 583 1348 dietata
600 1293 724 1362 magistri

93 1365 200 1424 Omnia
235 1371 294 1425 Nec
312 1369 424 1424 minimo
442 1387 508 1424 sane
525 1369 682 1424 discrimine
699 1368 793 1438 refert,

94 1444 155 1510 Quo
172 1449 253 1514 gestu
270 1447 379 1517 lepores
396 1449 426 1500 et
444 1463 497 1514 quo
514 1446 616 1514 gallina
632 1448 748 1500 secetur.
821 1501 823 1503 .

93 1520 211 1576 Duoeris
228 1523 330 1594 planta,
349 1523 426 1578 velut
443 1523 515 1576 lotus
531 1522 566 1576 ab
586 1521 706 1576 Hercule
724 1521 819 1591 (lacus
907 1533 944 1576 12⁵

93 1597 133 1652 Et
150 1615 252 1667 ponere
269 1600 343 1668 foris,
362 1599 386 1653 si
404 1599 471 1668 quid
488 1599 638 1654 tentaveris
656 1615 777 1668 unquam

27 1745 31 1754 .
93 1674 217 1744 Himera,
234 1679 367 1746 tanquam
386 1675 489 1729 habeas
512 1676 567 1730 tria
590 1675 706 1730 nomina
742 1673 858 1741 Quando
880 1689 943 1744 pro

162 1752 238 1820 pinat

9 1823 11 1827 ’
92 1826 177 1880 Virro
193 1827 245 1882 tibi
263 1828 401 1898 sumitque
419 1829 475 1884 tuis
492 1831 618 1884 contacta
634 1827 741 1887 labellis

92 1903 216 1960 Poculal
234 1905 295 1974 quis
314 1909 437 1960 vestrum
454 1906 618 1962 temerarius
636 1907 818 1975 usqueadeo,
836 1903 899 1972 quis

93 1979 233 2049 Perditus,
246 1985 279 2036 ut
297 1981 372 2037 dieat
388 1983 456 2051 regi,
473 1981 554 2038 bibet
591 1982 713 2036 Plurima
730 1985 794 2037 suut
812 1997 883 2051 quae
906 1993 942 2036 111

91 2055 119 2110 N
121 2072 157 2110 ou
175 2057 278 2112 audent
296 2057 421 2113 homiues
437 2061 551 2127 pertusa
569 2058 660 2114 dicere
677 2059 763 2113 laena.

92 2131 301 2202 Quadringenta
317 2134 369 2188 tibi
387 2135 410 2188 si
428 2134 490 2204 quis
508 2134 577 2188 deus
595 2139 644 2189 aut
662 2134 758 2189 similis
776 2133 820 2188 dis

91 2208 130 2263 111
147 2209 243 2263 melior
259 2210 323 2264 fatis
341 2210 456 2265 donaret
473 2210 633 2277 homuu0i03
652 2213 770 2280 quantus

91 2283 135 2338 Ex
152 2284 237 2338 nihilo
254 2285 342 2354 fieres,
361 2290 479 2354 quantus
497 2287 624 2341 Virronis
641 2287 755 2340 amicus!

91 2360 159 2414 “Da
176 2360 289 2416 Trebio!
313 2379 383 2432 pono
400 2362 437 2416 ad
455 2362 594 2416 Trebium!
640 2363 698 2430 Vis,
715 2362 809 2432 frater,
827 2361 942 2417 abistis

91 2437 214 2493 Ilibusl''
240 2437 263 2492 0
282 2440 392 2508 nummi,
411 2440 487 2494 vobis
504 2439 577 2493 huno
594 2442 718 2510 praestat
740 2439 879 2508 honorem,
904 2453 941 2494 111

90 2513 149 2568 Vos
166 2515 233 2569 estis
250 2515 356 2570 fratres.
394 2516 526 2570 Dominus
543 2519 636 2570 tamen
654 2518 684 2570 et
701 2515 804 2570 domini
815 2532 866 2570 rex

90 2589 121 2645 Si
138 2590 179 2644 vis
196 2595 229 2646 tu
247 2591 318 2660 fieri,
333 2592 424 2646 nullus
441 2592 493 2646 tibi
510 2592 640 2662 parvulus
657 2592 719 2647 aula
819 2647 820 2653 ,

89 2665 204 2720 Luserit
222 2667 338 2737 Aeneas,
356 2686 407 2723 neo
425 2669 481 2722 filia
499 2669 604 2723 dulcior
620 2669 682 2724 illo:

89 2743 249 2797 Jucuudum
267 2749 296 2799 et
313 2761 406 2798 earum
425 2745 525 2800 sterilis
542 2745 608 2800 facit
625 2761 696 2800 uxor
709 2745 834 2800 amioum.
854 2750 858 2761 ’
903 2759 940 2800 mo

89 2818 147 2874 Sed
163 2822 213 2874 tua
229 2837 301 2875 nuno
318 2821 421 2890 Migale
438 2821 528 2892 pariat
545 2822 611 2876 licet
628 2825 658 2876 et
675 2838 775 2891 pueros
791 2824 851 2877 tres

88 2895 125 2950 In
143 2896 278 2964 gremium
297 2898 384 2966 patris
401 2898 500 2953 fundat
520 2897 608 2967 simul,
627 2898 685 2968 ipse
702 2899 809 2969 loquaci

88 2971 230 3027 Gaudebit
247 2973 326 3040 nid0;
347 2974 462 3029 viridem
482 2973 593 3030 thoraoa
607 2975 718 3044 jubebit

24 3045 27 3050 ’
90 3047 193 3103 Afferri
212 3049 393 3120 minimasque
411 3067 494 3106 nuces
514 3069 658 3122 assemque
676 3056 811 3122 rogatum,

89 3124 139 3178 Ad
158 3141 281 3180 mensam
300 3127 408 3194 quoties
428 3127 566 3197 parasitus
585 3129 692 3183 venerit
712 3129 809 3184 infans.
902 3143 938 3184 111

87 3199 198 3256 Vilibus
220 3201 354 3273 aucipites
370 3203 448 3272 fungi
467 3207 604 3273 ponentur
626 3204 727 3271 amieis,
