2134 3536
131 171 162 217 22
366 168 399 218 D.
417 169 436 218 J
438 168 524 220 UNH
540 168 559 218 J
561 166 747 218 UVENALIS

130 259 269 328 Dicturus,
286 261 418 330 tanquam
434 257 551 314 diuersis
567 255 691 328 partibus
709 255 781 310 orbis

131 335 224 390 Anxia
240 336 383 406 praecipiti
400 335 520 390 venisset
537 334 652 404 epistola
668 350 765 403 penna

130 413 227 481 Atque
242 413 347 467 utinam
364 412 408 466 bis
424 411 515 481 potius
532 411 611 479 nugis
628 414 689 466 tota
704 409 751 464 illa
768 409 894 474 dedisset
948 427 990 466 neo

129 489 263 557 Tempora
280 487 418 556 saevitiae,
436 488 523 544 claras
540 487 639 556 quibus
655 487 770 542 abstulit
786 486 856 541 Urbi

129 563 310 632 illustresque
327 565 431 618 animas
447 565 559 633 impune
575 566 605 618 et
621 563 728 620 vindice
744 563 824 618 nullo.

128 640 185 694 Sed
201 639 286 710 periit
301 643 449 710 postquam
465 639 629 694 cerdonibus
646 657 706 695 esse
723 640 861 696 timendus

128 715 281 786 Coeperat:
298 715 351 772 hoc
366 716 459 772 nocuit
476 715 632 770 Lamiarum
649 716 733 772 caede
749 715 883 775 madenti.

458 1048 601 1104 SA'llRA
619 1047 654 1104 V.

127 1175 158 1230 Sr
174 1178 204 1229 te
220 1173 352 1245 propositi
369 1172 491 1228 noudum
508 1172 597 1241 pudet
614 1177 698 1243 atque
714 1171 812 1230 eadem
828 1177 874 1230 est
892 1190 981 1242 mens

126 1251 168 1306 Ut
184 1251 256 1306 bona
273 1266 379 1305 summa
395 1253 477 1320 putes
494 1250 582 1323 aliena
599 1250 690 1304 vivere
707 1251 813 1320 quadra
822 1271 830 1318 ;

127 1328 156 1381 Si
173 1331 253 1397 potes
269 1327 317 1381 illa
334 1327 401 1395 pati,
419 1343 490 1396 quae
508 1343 559 1381 neo
577 1326 736 1381 Sarmentus
754 1327 863 1396 iniquas

127 1403 250 1458 Caesaris
267 1403 304 1458 ad
319 1417 433 1470 mensae,
451 1420 501 1458 nec
518 1403 580 1457 vilis
597 1402 686 1458 Galba
703 1403 829 1458 tulisset:

128 1480 256 1545 Quamvis
268 1479 363 1548 jurato
380 1482 501 1534 metuam
518 1479 570 1534 tibi
588 1478 702 1534 credere
718 1479 793 1534 testi.
968 1496 981 1536 e

128 1556 231 1610 Ventre
248 1555 316 1610 nihil
332 1555 396 1610 novi
412 1554 553 1624 frugalius.
588 1556 649 1610 Hoc
667 1559 760 1612 tamen
777 1556 867 1628 ipsum

127 1631 264 1690 Defecisse
280 1635 350 1702 puta
367 1631 441 1701 quod
456 1631 531 1685 inani
548 1631 647 1686 sufficit
664 1631 741 1688 alvo:

127 1707 209 1762 Nulla
227 1707 337 1777 crepido
355 1709 447 1764 vacatt
464 1723 598 1777 nusquam
615 1725 683 1778 pons
701 1712 731 1764 et
747 1709 848 1778 tegetis
864 1725 930 1780 pars
978 1751 982 1756 .

103 1811 108 1817 ·
126 1782 246 1838 Dimidia
261 1783 385 1838 breviori
402 1783 510 1839 tantine
526 1783 627 1854 injuria
644 1786 761 1840 coenael

126 1861 192 1914 Tam
204 1858 302 1928 jejuna
319 1860 414 1928 fames,
431 1861 520 1931 possis
536 1877 598 1916 cum
615 1861 755 1916 honestius
771 1861 826 1915 illic
947 1877 979 1916 ,ro

126 1937 163 1991 llt
180 1940 299 1991 tremere
316 1939 345 1990 et
363 1937 458 1992 sordes
474 1937 555 1992 fanis
572 1938 699 1992 mordere
717 1937 825 1992 caninii

127 2013 218 2067 Primo
236 2012 290 2080 lige
307 2012 374 2082 loco,
391 2013 465 2083 quod
481 2016 514 2068 tu
531 2013 703 2068 discumbere
716 2014 810 2082 jussus

126 2087 283 2143 Mercedem
301 2089 416 2144 solidam
433 2093 557 2146 veterum
575 2089 651 2159 capis
668 2089 823 2145 officimum.

126 2163 244 2220 Fructus
260 2165 396 2220 amicitiae
413 2183 529 2234 magnae
546 2166 640 2222 cibus:
658 2165 778 2236 imputat
794 2166 867 2222 buno
882 2180 942 2233 rex,
1060 2229 1061 2242 χ

125 2243 162 2297 ut
186 2242 308 2312 quamvis
331 2259 423 2298 rarum
446 2247 539 2298 tamen
563 2242 689 2313 imputat
730 2243 802 2312 llrgo
821 2242 889 2298 duos
911 2247 976 2312 post

100 2355 104 2365 -
125 2319 154 2374 Si
170 2319 250 2374 libuit
267 2335 374 2374 menses
391 2319 546 2388 neglectum
563 2319 695 2374 adbibere
712 2318 846 2387 clientem,
951 2335 976 2374 1o

125 2396 218 2451 Tertia
233 2413 269 2451 ne
286 2413 370 2451 vacuo
388 2399 507 2450 cessaret
524 2395 624 2451 culcita
640 2396 719 2464 lecto,

126 2473 210 2528 “Una
228 2473 337 2540 simus,''
355 2473 403 2526 ait.
438 2473 573 2527 Votorum
590 2487 709 2526 summa:
733 2471 801 2541 quid
817 2471 890 2528 ultra

126 2550 259 2616 Quaerisl
293 2548 389 2604 Habet
407 2549 518 2604 Trebius
536 2551 650 2619 propter
668 2547 742 2618 quod
759 2564 887 2616 rumpere
905 2564 975 2604 som-
1060 2623 1061 2636 χ

83 2639 91 2654 ’·
194 2642 260 2681 num
528 2654 532 2662 ·
1060 2637 1061 2682 l

126 2702 234 2759 Debent
251 2705 281 2758 et
297 2703 395 2772 ligulas
413 2701 560 2770 dimittere,
578 2701 710 2758 sollicitus
726 2719 761 2758 ne
949 2715 975 2758 eo
1060 2695 1061 2702 '

126 2779 196 2834 Tota
213 2779 358 2834 salutem
371 2778 431 2848 jam
447 2778 530 2832 turba
546 2779 687 2848 peregerit
704 2777 805 2847 orbem,

126 2855 267 2912 Sideribus
285 2855 383 2924 dubiis,
401 2859 450 2910 aut
467 2854 513 2908 illo
530 2857 654 2924 tempore
671 2871 726 2924 quo
743 2871 774 2910 se

126 2931 238 3000 Frigida
254 2932 442 3000 circumagunt
459 2929 530 3000 pigri
548 2945 656 2984 sarram
673 2931 787 2984 Bootae.

126 3007 220 3072 Qualis
237 3023 321 3062 coena
337 3008 447 3062 tament
482 3005 585 3059 Vinum
602 3003 678 3072 quod
695 3005 791 3059 sucida
807 3004 876 3060 nolit

126 3082 203 3137 Lana
219 3083 295 3152 pati:
318 3083 354 3138 de
370 3083 483 3138 conviva
500 3080 655 3150 Corybanta
671 3079 783 3135 videbis.
947 3095 973 3136 2⁵
1060 3099 1061 3126 ι

126 3158 224 3226 Jugia
240 3159 403 3228 proludunt:
427 3157 477 3212 sed
493 3173 557 3210 mox
574 3159 604 3211 et
620 3155 719 3226 poema
736 3158 848 3226 torques

126 3232 239 3289 uuum
256 3236 286 3288 et
302 3233 387 3290 rubra
404 3233 532 3298 deterges
549 3230 662 3286 vulnera
678 3245 785 3299 mappa
