2164 3536
439 95 571 145 SATIRA
588 95 655 145 XII.
940 99 970 152 77

113 187 158 243 lit
176 203 316 258 nunqnam
334 185 400 242 visis
419 183 535 253 triginta
552 184 625 240 clara
643 185 775 242 mamillis

112 260 243 318 'landem
261 264 349 318 intrat
367 261 470 332 positas
488 261 592 316 inclusa
609 279 660 332 per
680 278 800 332 aequora
817 261 902 317 moles
947 276 971 317 ιι

114 340 342 412 Tyrrhenamque
362 339 471 393 Pharon
490 343 671 410 porrectaque
688 338 801 394 brachia
820 355 937 408 rursum,

112 419 197 485 Quae
217 417 314 487 pelago
331 420 477 472 occurrunt
495 417 586 472 medio
604 417 739 486 longeque
756 417 915 486 relinquunt

114 495 238 550 ltaliam.
272 495 335 550 Non
355 487 496 564 sicigitur
513 495 650 550 mirabere
667 498 764 566 portus

115 571 194 637 Quos
214 574 315 626 natura
334 571 426 625 dedit
449 571 499 625 sed
517 573 617 626 tmnca
635 587 727 641 puppe
745 571 878 641 magister

114 647 257 702 Interiora
274 647 353 717 petit,
373 647 492 702 Baianae
510 648 605 718 pervia
624 647 743 717 cymbae,
945 663 971 703 so

113 725 181 780 Tuti
201 728 299 794 stagna
315 724 397 793 sinus,
418 724 541 793 gaudent
558 723 605 777 ubi
625 724 729 778 uertice
747 739 808 779 iaso

114 801 236 858 Garrula
257 801 345 856 securi
363 817 475 854 narrare
493 801 613 869 pericula
630 803 738 856 nautae.

114 878 164 933 Ite
183 877 274 948 igitur,
294 877 379 946 pueri,
399 877 499 945 linguis
520 876 671 946 animisque
689 877 750 931 lave
798 893 812 930 s

114 954 253 1023 Sertaque
272 952 394 1007 delubris
412 956 441 1007 ot
458 953 533 1006 fana
550 953 682 1022 imponite
700 951 797 1007 cultris

115 1031 161 1084 Ac
182 1029 276 1083 molles
295 1032 374 1083 ornat
375 1046 391 1083 o
362 1030 481 1083 tfocos
501 1027 666 1098 glebamque
683 1030 825 1084 virentem.
944 1041 969 1082 ss

113 1105 182 1160 Jam
201 1121 301 1174 sequar
320 1107 356 1172 et,
377 1121 454 1160 sacro
473 1104 547 1174 quod
567 1109 692 1177 praestat
711 1105 766 1159 rita
785 1106 904 1174 peracto,

114 1182 189 1237 lude
209 1181 321 1235 domum
336 1185 468 1251 repetam,
480 1181 596 1250 graciles
614 1181 662 1234 ubi
680 1197 765 1250 parva
783 1197 897 1235 coronas

114 1258 264 1328 Accipiunt
282 1257 373 1326 fragili
397 1257 541 1311 simulacra
559 1257 676 1311 nitentia
696 1271 765 1311 cera

114 1335 171 1389 Hic
191 1337 317 1390 nostrum
336 1333 452 1404 placabo
471 1333 578 1400 Jovem,
600 1333 772 1402 Laribusque
791 1333 915 1403 paternis

113 1411 188 1465 Tura
208 1409 287 1480 dabo,
307 1414 391 1480 atque
410 1427 504 1464 omnes
525 1411 611 1464 violae
631 1409 743 1479 jactabo
763 1409 876 1466 colores
943 1423 968 1465 oc

115 1487 230 1542 Cuncta
235 1488 346 1554 [ntent3
368 1487 463 1556 longos
482 1485 599 1540 'crexit'
587 1503 674 1555 Janua
692 1501 783 1541 ramos

115 1563 154 1617 Et
171 1549 313 1618 matutinis
331 1567 462 1632 operatur
481 1563 553 1618 festa
571 1562 782 1617 lucernis..

149 1639 208 1695 Nec
226 1643 354 1710 suspecta
373 1638 425 1694 tibi
444 1638 500 1693 sint
517 1638 592 1707 haec,
611 1639 742 1707 (lorvin03
765 1640 896 1710 Catullus,

115 1715 170 1770 Pro
188 1717 268 1786 cujus
285 1716 378 1771 reditu
396 1717 440 1770 tot
458 1731 529 1786 pono
548 1715 654 1784 altaria,
673 1733 772 1786 parvos

113 1793 181 1848 'l'rea
193 1793 278 1854 habet
288 1792 412 1847 heredes
450 1792 530 1848 Libet
542 1797 702 1862 exspectare
716 1795 901 1864 quisaegram
939 1809 965 1849 ιι

114 1868 152 1924 Et
170 1869 343 1924 claudentem
362 1869 454 1923 oculos
474 1869 602 1938 gallinam
620 1869 765 1939 impendat
785 1872 872 1926 amico

114 1945 180 1999 'lam
192 1945 286 2000 sterili
322 1945 429 1999 Verum
442 1945 509 1998 haec
521 1945 604 1999 nimia
615 1948 659 2000 est
669 1946 807 2016 impensa;
822 1950 947 2001 coturnix

13 2041 19 2056 ·
114 2021 196 2075 Nulla
213 2037 333 2092 unquam
352 2037 403 2091 pro
419 2024 499 2090 patre
519 2020 606 2076 cadet.
643 2021 752 2076 Sentice
771 2023 889 2078 calorem

115 2096 145 2152 si
164 2098 253 2168 coepit
272 2097 394 2168 locuples
414 2097 516 2152 Gallica
538 2100 568 2152 et
588 2097 701 2152 Paccius
719 2097 787 2167 orbi,

13 2219 17 2240 ,
114 2173 250 2243 LegItime
268 2173 330 2228 fixis
348 2174 465 2229 vestitum
483 2176 544 2229 tota
561 2173 672 2229 tabellis
927 2189 963 2230 ιιι

115 2249 251 2318 Porticus3
270 2251 407 2305 exsistunt
426 2250 473 2320 qui
493 2249 660 2320 promittunt
677 2250 868 2318 hecatomben,

116 2326 252 2392 Quatenus
271 2325 387 2380 hicnon
407 2329 472 2380 sunt
490 2320 540 2380 nec
557 2325 669 2380 venales
688 2327 833 2397 elephanti,

114 2402 171 2458 Nec
191 2403 271 2458 Latio
289 2406 338 2457 aut
355 2419 471 2471 usquam
491 2403 542 2456 sub
562 2406 656 2457 nostro
677 2402 768 2457 sidere
785 2403 849 2458 talis
958 2440 961 2452 ·

115 2477 208 2534 bellna
226 2479 391 2549 concipitur:
414 2477 464 2532 sed
482 2478 561 2532 furva
579 2481 662 2547 gente
683 2480 772 2549 potita

116 2553 265 2610 Arboribus
286 2555 395 2613 Rutulis
416 2559 445 2609 et
466 2555 550 2608 Turni
572 2555 695 2624 pascitur
713 2573 786 2625 agro,
927 2571 962 2612 ιιι

116 2631 234 2687 Caesaris
253 2635 416 2700 armentum,
436 2631 502 2686 nulli
522 2631 624 2685 servire
644 2637 772 2702 paratum

116 2707 240 2774 Privato;
265 2707 400 2778 siquidem
422 2708 500 2776 'l'yrio
520 2723 618 2778 parere
640 2709 762 2765 solebant

115 2782 259 2838 Hannibali
278 2788 306 2838 et
324 2785 424 2838 nostris
443 2783 557 2838 ducibus
576 2784 691 2854 regique
709 2785 827 2842 Molosso

116 2858 217 2913 Ηιιιιιιι
236 2858 355 2928 majores
374 2877 406 2913 aa
425 2859 507 2914 dorso
525 2860 598 2914 ferra
615 2861 747 2930 cohortes,

115 2933 221 2990 Partem
236 2937 354 3004 aliquam
369 2935 434 2990 belli
455 2940 485 2991 et
500 2939 612 2991 euntem
632 2936 661 2990 in
676 2938 780 3006 proelia
799 2937 906 2994 turrim.
925 2950 962 2992 ιιι

115 3009 191 3064 Nulla
202 3011 288 3080 igitur
298 3027 374 3065 mora
390 3026 441 3080 per
452 3011 479 3064 N
480 3011 579 3080 ovium,
590 3029 668 3067 mora
679 3013 755 3068 nulla
770 3031 821 3084 per
832 3014 961 3070 Histrum

48 3155 51 3164 ‚
115 3085 265 3154 Pacuvium,
287 3087 352 3155 quin
370 3087 439 3142 illud
463 3087 532 3143 ebur
551 3087 670 3143 ducatur
688 3088 724 3142 ad
743 3105 805 3145 aras

116 3159 149 3216 Et
165 3161 246 3217 cadat
262 3165 328 3218 ante
340 3161 431 3216 -Isares
450 3162 568 3220 Gallitae
586 3163 704 3232 victima,
724 3163 782 3220 sola
