2164 3536
447 107 582 158 SATIRA
598 107 649 156 XI.
687 105 688 108 ’
713 147 715 151 .
740 105 742 110 ’
945 107 980 160 li

115 199 157 254 ut
177 215 269 255 coram
290 197 408 253 dominis
427 196 611 251 consumitur:
635 195 701 252 inde
721 196 771 252 ubi
788 194 922 267 paulum*

116 276 221 332 Nescio
242 275 309 345 quid
328 277 455 344 superest
473 277 503 328 et
514 273 600 344 pallet
618 273 722 328 fenoris
740 278 843 343 auctor,

117 352 174 418 Qui
193 355 302 407 vertere
321 351 409 405 solum
429 351 510 405 Baias
529 352 559 404 et
579 349 616 403 ad
635 349 714 405 Ostia
733 355 861 406 currunt:
974 401 976 405 .

72 491 75 496 ¹
116 427 227 484 Cedere
245 443 364 497 namque
384 427 443 481 foro
462 428 523 496 jam
541 443 595 480 non
617 429 661 480 est
680 425 803 482 deterius
822 445 905 496 quarn
938 443 976 484 so

117 505 257 574 Esquilias
278 504 430 558 aferventi
450 504 569 574 migrare
590 502 721 558 Saburra.

117 581 174 636 Ille
191 581 269 636 dolor
288 581 361 635 solus
380 581 499 651 patriam
518 579 695 649 fugientibus,
714 579 762 635 illu

117 657 262 714 Moestitia
282 661 332 726 est,
351 657 472 712 caruisse
491 673 562 712 anuo
582 655 755 711 Circensibus
773 673 836 712 uno.

118 735 265 804 Sanguinis
284 735 312 788 in
330 736 400 789 faeie
421 751 475 788 non
494 734 591 788 haeret
611 736 704 802 gutta:
728 738 870 790 morantur

118 811 204 866 Pauci
222 811 368 866 ridiculum
387 813 537 880 fugientem
557 825 591 864 ex
611 808 687 864 Urbe
707 809 852 866 Pudorern.
951 828 975 866 ss

128 912 131 918 ·
154 888 306 958 Experiere
325 887 408 942 hodie
429 887 562 956 numquid
580 887 745 956 pulcerrima
763 887 848 957 dictu,

118 965 237 1034 Persice,
256 981 310 1019 non
329 969 468 1035 praestem
487 965 545 1019 vita
565 965 609 1020 vel
627 964 749 1018 moribus
770 968 800 1020 et
820 981 859 1034 re,

118 1041 176 1095 Sed
193 1041 302 1096 laudem
323 1042 435 1111 siliquas
456 1041 579 1096 occultus
597 1057 691 1110 ganeo,
710 1041 802 1110 pultes

119 1117 219 1172 Coram
237 1118 297 1172 aliis
318 1119 420 1173 dictem
440 1135 526 1187 puero
548 1118 645 1174 sedin
666 1134 732 1172 aure
750 1117 897 1188 placentas

119 1193 191 1248 Nam
212 1212 295 1264 quum
316 1195 353 1249 sis
372 1196 483 1250 conviva
503 1195 571 1249 mihi
590 1195 739 1264 promissus
757 1193 872 1264 habebis
937 1205 974 1252 'co

118 1271 284 1342 Evandrum,
303 1273 397 1327 venies
417 1272 574 1342 Tirynthius
594 1274 641 1325 aut
659 1271 750 1326 minor
769 1271 816 1325 illo

119 1347 228 1417 Hospes
249 1351 279 1404 et
297 1349 356 1418 ipse
375 1351 469 1403 tamen
487 1349 646 1416 contingens
667 1347 798 1415 sanguine
816 1347 930 1418 calon,

119 1423 201 1478 Alter
221 1424 307 1494 aquis,
325 1425 396 1486 alter
415 1425 532 1483 llamuris
551 1422 698 1478 adsidam
716 1423 825 1480 missus.

119 1499 236 1556 Fercula
259 1519 331 1556 nunc
351 1502 416 1556 audi
436 1501 517 1556 nullis
536 1503 633 1555 ornata
650 1499 778 1554 macellis.

118 1573 163 1630 De
182 1576 327 1640 Tiburtino
345 1579 437 1634 veniet
454 1578 649 1648 pinguissimus
668 1591 735 1644 agro
948 1593 973 1632 os

118 1651 264 1708 Haedulus
284 1657 313 1709 et
332 1657 392 1709 toto
414 1671 500 1724 grege
516 1654 632 1722 mollior,
650 1653 753 1707 inscius
764 1651 874 1722 herbae,

117 1728 243 1784 Necdum
262 1747 345 1786 ausus
366 1731 456 1800 virgas
475 1731 587 1786 humilis
604 1729 733 1784 mordere
751 1729 849 1799 salicti,

118 1805 176 1872 Qui
190 1805 253 1876 plus
271 1807 352 1862 laetis
370 1806 455 1862 habet
471 1825 553 1877 quam
574 1806 726 1876 sanguinis:
750 1809 779 1860 et
799 1807 922 1862 montani

118 1883 262 1952 Asparagi,
282 1883 373 1952 posito
394 1901 461 1956 quos
481 1885 549 1952 legit
568 1883 659 1938 ridica
675 1883 742 1938 fuso.

118 1955 240 2013 Grandia
256 1964 402 2030 praeterea
420 1963 550 2029 tortoque
569 1959 689 2014 calentia
705 1959 786 2014 foeno
947 1973 971 2015 to

117 2032 176 2087 Ova
195 2035 296 2090 adsunt
315 2035 381 2105 ipsis
401 2052 463 2091 cunr
481 2036 615 2092 matribus
636 2039 665 2090 ct
684 2039 809 2092 servatae

117 2109 202 2164 Parte
220 2112 285 2172 anni
306 2113 401 2182 quales
420 2113 531 2168 fuerant
551 2113 580 2166 in
600 2112 703 2168 vitibus
722 2129 805 2167 uvae:

117 2183 258 2255 Signinum
270 2187 441 2258 'Syriumque
459 2191 556 2258 pirum,
576 2189 612 2244 de
630 2188 756 2243 corbibus
775 2189 863 2244 isdem

117 2262 234 2318 Aemula
253 2265 358 2320 Picenis
377 2271 406 2321 et
424 2267 515 2324 odoris
532 2267 604 2320 mala
621 2266 746 2333 recentis,

116 2337 174 2394 Nec
191 2342 341 2397 metuenda
358 2343 418 2411 tibi,
437 2344 568 2398 siccatum
585 2342 685 2410 frigore
703 2343 850 2412 postquam
878 2341 882 2344 ’
944 2359 968 2400 ss

116 2416 289 2472 Autumnum
307 2423 336 2474 et
354 2419 433 2473 crudi
451 2435 568 2489 posuere
586 2419 707 2488 pericula
725 2419 806 2473 succi.

150 2493 227 2548 Haec
245 2494 309 2548 olim
327 2495 414 2550 nostri
434 2495 494 2566 jam
512 2496 652 2550 luxuriosa
669 2495 787 2550 Senatus

117 2567 206 2624 Ooena
222 2571 281 2626 fuit.
319 2571 417 2626 Curius
435 2589 520 2642 parvo
539 2589 610 2642 quae
627 2573 733 2640 legerat
750 2571 830 2626 horto

117 2643 180 2714 lpse
197 2647 265 2701 focis
283 2648 411 2702 brevibus
429 2649 549 2718 ponebat
567 2649 693 2716 oluscula,
706 2665 776 2718 quse
794 2660 866 2703 nunc

116 2719 260 2790 Squalidus
277 2724 306 2777 in
323 2741 423 2792 magna
439 2725 547 2780 fastidit
564 2724 696 2795 compede
713 2725 807 2794 fossor,
942 2743 967 2780 so

116 2797 167 2863 Qui
184 2800 309 2855 meminit
327 2800 430 2855 calidae
448 2803 537 2872 sapiat
555 2801 623 2871 quid
640 2802 721 2856 vulva
737 2801 860 2870 popinae.
892 2839 894 2842 .

115 2873 182 2928 Sicci
199 2878 277 2946 terga
294 2877 357 2944 suis,
374 2893 438 2931 rara
454 2878 604 2947 pendentia
621 2881 703 2947 crate,
773 2943 777 2948 ,

116 2948 198 3006 Moris
216 2957 276 3008 erat
294 2953 433 3022 quondam
450 2955 528 3008 festis
545 2971 653 3010 servare
672 2955 768 3010 diebus

9 3049 17 3064 ν
115 3024 150 3080 llt
167 3029 323 3084 natalicium
341 3031 468 3098 cognatis
483 3047 586 3102 ponere
604 3031 720 3100 lardum,

115 3101 272 3159 Accedente
289 3121 365 3172 novo,
384 3106 407 3159 si
426 3123 508 3176 quam
527 3106 611 3162 dabat
629 3107 725 3176 hostia,
744 3123 834 3164 carne.
938 3121 971 3164 ss

116 3175 297 3250 consuram
314 3180 411 3250 uliquis
428 3181 510 3237 titulo
527 3184 572 3239 ter
589 3183 715 3240 Consulis
731 3186 816 3256 atque
