2126 3532
147 75 195 127 rm
413 73 446 122 A.
465 74 588 126 Possm
604 55 736 128 mecei

145 163 199 218 (lor
216 163 267 218 tibi
284 163 339 218 rito
356 162 451 218 soliti·
473 163 597 218 Positum
614 166 658 218 est
676 163 785 232 algente
802 166 905 222 catino

143 238 251 294 Durum
268 240 335 308 elus,
353 243 382 294 et
399 239 493 309 populi
509 239 599 294 cribro
617 239 732 295 decusso
748 241 853 308 forium

143 315 291 371 Tentemns
306 317 414 382 fencem
437 321 534 372 tenero
550 315 620 372 latet
637 317 715 372 uleus
731 318 760 372 in
777 334 826 372 ore

143 391 239 460 Putre,
249 393 332 464 ¹quod
349 393 424 448 houd
441 392 540 448 deceat
557 392 665 461 plebeis
680 393 776 448 radere
794 393 870 450 bete

143 467 230 537 Alges
246 485 310 523 oum
327 469 449 524 excussit
465 468 596 524 membris
612 471 696 526 timor
712 469 791 525 elbus
808 472 938 540 aristam
981 491 1015 530 11⁵

142 545 223 599 Nunc
240 545 300 600 foce
318 547 460 616 supposita
476 546 606 600 fervescit
624 548 740 616 sanguis,
758 551 788 602 et
805 547 850 603 im

142 619 297 676 Scintillnnt
313 622 392 688 oculi,
411 621 534 691 dicisque
551 623 672 692 facisque
689 623 765 694 quod
781 624 843 706 ipse

141 695 206 752 Non
222 698 281 754 seni
298 714 358 754 esse
374 697 489 752 heminis
505 714 560 753 non
578 715 660 754 senus
673 698 753 767 juret
770 699 899 763 Orestes.

460 1033 605 1090 eninm
624 1033 677 1090 IV.

140 1159 208 1216 Rnn
220 1160 313 1233 pepuli
324 1163 446 1216 traete-sl
464 1158 622 1228 (barbatum
633 1159 701 1214 haec
712 1159 797 1214 crede
807 1163 982 1231 magistrum

139 1237 247 1305 Dicere,
262 1237 381 1292 sorbitio
399 1236 473 1290 tollit
491 1252 573 1304 quem
591 1235 652 1290 diro
669 1236 795 1306 cicutae)

139 1313 200 1378 Quo
217 1315 311 1382 fretus,
330 1313 382 1380 dic,
399 1329 416 1366 o
433 1312 525 1381 magni
540 1312 645 1382 pupille
663 1312 769 1367 Pericli

139 1389 249 1446 Scilicet
264 1390 404 1458 ingenium
421 1392 451 1444 et
468 1405 559 1444 rerum
577 1389 724 1459 prudentia
740 1389 820 1445 velox

138 1469 215 1521 Ante
232 1467 302 1536 pilos
319 1466 409 1532 venit3
433 1465 551 1526 dicende
567 1465 739 1535 tacendaque
756 1466 850 1524 ealles·
987 1485 1002 1524 t

137 1543 210 1612 Ergo
228 1543 275 1597 ubi
293 1547 428 1598 commoto
444 1543 533 1598 fervet
548 1541 691 1614 plebecula
707 1541 771 1606 bile,
1043 1541 1044 1546 ’

138 1619 208 1674 Fert
223 1619 330 1674 enimus
347 1619 452 1675 calidum
469 1619 694 1680 icciseesilentie
711 1619 811 1674 turbes

137 1695 287 1766 Mejestete
304 1712 415 1752 monus:
439 1695 506 1765 quid
524 1695 626 1752 deinde
642 1695 774 1765 loquere?
809 1695 962 1765 ‘Quirites

31 1822 37 1842 ,
137 1772 200 1828 Ηοο
217 1777 284 1842 puto
301 1790 356 1827 non
370 1772 478 1842 justum
496 1775 554 1839 cst,
570 1772 640 1826 illud
656 1772 735 1840 mele,
753 1773 856 1828 rectius
874 1773 965 1830 illud'

137 1848 196 1904 Scis
213 1848 315 1904 etenim
328 1848 436 1918 justum
453 1849 562 1918 gemine
579 1847 748 1919 suspendere
765 1848 842 1904 lance
974 1866 997 1906 ιο

136 1925 273 1995 Ancipitis
290 1924 393 1991 librom
415 1929 522 1980 rectum
539 1924 670 1978 discernis
687 1923 734 1978 ubi
752 1924 825 1978 inter

136 2001 227 2056 Ourvo
245 2001 327 2070 subit,
345 2001 389 2055 vel
407 2007 469 2056 cnm
486 2001 557 2056 follit
573 2000 646 2071 pede
663 2000 760 2070 regule
777 2017 851 2070 vero,

136 2078 174 2134 Et
190 2079 262 2148 potis
280 2096 309 2133 es
327 2079 435 2146 nigrum
453 2078 520 2132 vitio
537 2077 691 2146 praefigere
707 2077 793 2134 thete.

136 2155 209 2220 Quin
225 2160 258 2210 tu
274 2155 366 2224 igitur,
384 2171 490 2208 summa
507 2154 689 2223 nequicquam
705 2153 778 2224 pelle
796 2153 918 2224 decorus,

136 2233 212 2288 Ante
230 2232 305 2287 diem
322 2230 423 2284 blando
441 2229 556 2286 caudam
570 2229 679 2299 joctore
696 2230 806 2301 popello
969 2250 992 2288 rs

135 2308 253 2376 Desinis,
273 2307 420 2376 Anticyras
437 2307 533 2362 melior
550 2306 662 2362 sorbere
679 2309 820 2364 mercensi
1043 2333 1044 2372 r

134 2385 212 2450 Quae
229 2385 281 2440 tibi
299 2400 405 2438 summe
421 2383 486 2438 boni
504 2384 565 2440 esti
602 2384 616 2412 “
624 2383 717 2438 Uncto
734 2383 835 2438 vixisse
851 2384 957 2452 petella

135 2462 256 2532 Semper,
275 2465 305 2516 et
321 2459 431 2515 assiduo
448 2463 546 2514 curete
562 2459 681 2514 cuticula
698 2459 779 2514 sole”
1043 2469 1044 2472 ’

134 2537 279 2608 Exspecto,
297 2536 372 2590 haud
390 2535 464 2590 eliud
481 2536 648 2606 respondeat
664 2535 732 2590 haec
752 2551 826 2590 enus
863 2534 976 2604 Inone,

135 2613 333 2669 ‘Dinomaches
343 2629 394 2682 ego
407 2613 483 2681 sum,'
495 2613 588 2679 sufflo;
607 2611 682 2666 ‘sum
694 2611 842 2666 condidus'
870 2611 945 2678 Esto,
963 2628 987 2669 er

134 2691 209 2746 Dum
225 2707 261 2744 ne
279 2689 403 2745 deterius
420 2690 511 2760 sapiet
527 2705 670 2760 pannucea
687 2688 794 2756 Baucis,

134 2768 204 2824 (inm
221 2765 293 2821 bene
311 2765 443 2821 discincto
461 2767 612 2822 cantaverit
628 2765 716 2820 ocima
732 2780 840 2820 vernae.

168 2843 210 2898 Ut
228 2858 308 2897 nemo
329 2841 357 2894 in
374 2859 436 2896 sese
456 2846 547 2898 tentet
566 2841 742 2910 descendere,
760 2857 849 2910 nemo,

134 2919 192 2973 Sed
209 2917 402 2988 praecedentis
421 2921 564 2986 spectetur
578 2917 703 2972 mantica
721 2921 814 2986 tergo!

135 2993 299 3059 Quaesieris,
317 2992 744 3061 “Nostin'Vectidiiprsedial”
778 2991 920 3060 “Cujusl'’
957 3010 981 3050 ns

135 3067 245 3120 “Dives
262 3071 324 3124 emt
343 3067 458 3121 (iuribus
477 3071 609 3133 quantum
627 3083 682 3120 non
700 3067 799 3122 milvus
819 3068 947 3126 oberret”

136 3141 242 3195 “Hunc
260 3141 307 3208 oie,
328 3141 400 3196 huno
422 3141 471 3194 Dis
490 3140 569 3216 isatis
591 3140 732 3210 Genioque
751 3143 878 3202 sinistroi
