2164 3536
132 148 162 198 68
368 147 401 197 D.
419 148 524 198 JUNII
541 146 747 199 JUVENALIS
764 142 767 148 ’

132 237 226 306 Atque
246 233 403 305 pudicitiae.
438 235 551 290 Sanctos
568 235 633 290 lieet
652 231 872 290 bomida'moiee
912 236 917 242 '

131 311 287 367 'tradiderit
306 311 403 366 domus
423 327 456 366 ae
475 315 584 366 veteres
601 310 712 365 imitata
730 309 853 379 Sabinos,

132 387 280 442 Praeterea
297 391 403 444 castum
424 387 563 457 ingenium
583 387 744 456 vultumque
763 386 893 442 modesto
953 399 992 442 em

131 463 268 533 Sanguine
286 464 440 520 ferventem
459 463 565 518 tribuat
585 467 685 518 natura
704 463 823 532 benigna

131 540 223 609 Larga
239 557 335 596 manu:
355 541 432 610 (quid
451 540 524 595 enim
544 557 629 610 puero
649 540 775 594 conferre
789 542 885 610 potest
904 539 971 609 plus

131 617 254 672 Omtode
274 621 312 672 et·'
324 634 390 672 cura
410 621 511 672 natura
531 618 669 688 potentior
688 615 803 682 emnil).

130 693 193 748 Non
213 693 278 750 lieet
298 710 358 748 esec
376 693 464 761 viros3
486 709 551 748 nam
570 693 686 764 prodiga
706 691 873 762 corruptoris

131 770 298 840 Improbitas
318 771 391 841 ipsos
410 770 496 826 audet
516 773 626 825 tentare
644 772 782 840 parentes.
952 782 991 823 ece

131 846 217 902 Tanta
237 847 267 901 in
285 847 444 902 muneribus
462 846 572 902 fiducia!
610 846 707 901 Nullus
728 843 864 914 ephebum

130 923 287 978 Deformem
308 920 391 978 saeva
409 923 538 978 castravit
557 924 585 976 in
606 939 669 977 arce
688 927 835 992 tyrannum

130 999 188 1053 Nec
206 1002 413 1069 praetextatum
431 999 523 1068 rapuit
542 999 618 1054 Nero
637 997 796 1068 loripedem,
814 1013 866 1052 nec

131 1075 302 1130 strumosum
322 1079 407 1144 atque
426 1080 507 1130 utero
521 1076 632 1145 'pariter
650 1074 789 1144 gibboque
810 1075 978 1129 tumentem.

131 1152 145 1205 1
165 1169 236 1206 nunc
254 1157 284 1208 et
296 1152 407 1222 juvenis
429 1153 519 1222 specie
531 1153 634 1207 lactere
653 1152 702 1221 tui,
722 1167 803 1221 quem
953 1164 991 1205 ero

129 1227 238 1297 Majoru
258 1232 420 1298 exspectant
438 1227 607 1284 discrimina:
627 1229 675 1284 fiet
694 1227 804 1282 adulter

131 1304 266 1374 Publicus,
286 1309 316 1360 et
335 1314 436 1374 poenas
456 1307 569 1371 metuet,
590 1320 767 1374 quaeeunque
787 1301 895 1360 inuritis

130 1380 215 1436 Iratis
235 1381 338 1436 debet:
361 1393 417 1436 nec
434 1381 489 1436 erit
506 1381 609 1436 felicior
628 1385 703 1436 astro

129 1456 237 1527 Martis,
257 1458 316 1512 ut
308 1475 337 1512 m
355 1455 467 1526 laqueos
485 1473 625 1527 nunquam
645 1457 756 1512 ineidat.
775 1456 874 1525 Exigit
892 1456 991 1510 autem

130 1533 276 1588 Interdum
294 1534 342 1589 ille
362 1534 439 1588 dolor
456 1533 518 1604 plus
538 1549 620 1604 quam
639 1533 684 1588 lex
702 1533 760 1588 ulla
781 1532 868 1587 doleri
952 1545 991 1586 eat

130 1609 279 1667 Concessit.
317 1611 343 1665 N
345 1614 406 1666 cca
394 1610 470 1665 thie
488 1610 570 1676 ferro,
590 1612 665 1664 secut
683 1609 731 1664 illo
751 1609 871 1664 cruentis

129 1685 308 1755 Verberibus,
329 1687 462 1757 quosdam
481 1686 607 1741 moechos
626 1689 656 1740 et
674 1687 784 1754 mugilis
803 1685 895 1740 intrat.

130 1761 185 1816 Sed
201 1765 265 1817 tuus
285 1763 438 1832 Endymion
458 1761 576 1817 dilectae
597 1762 646 1816 fiet
664 1761 775 1816 adulter

130 1838 284 1894 Matronae:
309 1855 372 1894 mox
392 1855 477 1909 quum
495 1839 606 1894 dederit
622 1837 736 1893 Seruilia
752 1853 884 1907 nummos,
975 1837 981 1848 '

131 1913 194 1968 Fiet
212 1919 241 1970 ct
258 1915 330 1969 illius
349 1931 431 1985 quam
449 1931 505 1970 non
525 1918 613 1982 amat;
637 1917 722 1969 exuet
740 1931 848 1968 omnem
950 1925 991 1967 aas

131 1990 259 2060 Corporis
279 1995 412 2047 ornatum.
447 1991 521 2057 Quid
539 1991 612 2046 enim
627 1987 689 2046 'ulle
707 1992 849 2060 negaverit
866 1988 930 2044 udis

131 2067 300 2136 Inguinibus,
320 2069 377 2124 sive
396 2069 440 2123 eet
457 2067 525 2122 haee
545 2067 641 2137 Oppia,
660 2067 717 2122 sive
736 2067 861 2123 Getullal

131 2143 258 2198 Deterior
275 2147 350 2199 totos
368 2143 452 2219 habet
472 2145 528 2199 illio
546 2143 648 2198 femina
666 2160 765 2199 mores.

132 2218 186 2274 Sed
203 2223 279 2275 casto
298 2221 366 2291 quid
384 2221 470 2276 forma
488 2221 585 2276 noeetl
622 2219 696 2284 Quid
713 2219 817 2290 profuit
834 2219 919 2274 immo

131 2295 281 2366 Hippolyto
292 2313 376 2366 mave
388 2297 577 2367 proposituml
595 2295 663 2366 quid
675 2296 895 2367 bellerophontit
950 2310 990 2351 aee

130 2370 248 2428 Embuit
264 2383 363 2452 nempe
381 2372 450 2427 haec
469 2389 520 2428 ceu
540 2371 679 2439 imtidita;
702 2373 814 2442 repulsa

131 2449 190 2503 Nee
208 2441 378 2504 Stheneboea
396 2449 486 2502 minus
504 2465 585 2518 quam
605 2450 704 2504 Cressa
720 2448 876 2516 excanduit,
893 2451 972 2505 etse

131 2525 296 2580 Concusserc
314 2524 417 2580 ambae.
454 2525 554 2580 Mulier
573 2525 730 2580 saevissima
748 2529 814 2580 tunc
831 2530 874 2581 est

132 2601 222 2666 Quum
240 2601 363 2656 stimulos
380 2601 445 2656 odio
462 2601 553 2672 pudor
569 2603 706 2657 admovet.
742 2601 820 2670 Elige
840 2602 971 2672 quidnam

131 2677 307 2732 suadendum
326 2692 387 2733 esse
403 2679 486 2748 putes
502 2677 547 2732 cui
564 2678 668 2732 nubere
686 2679 810 2734 Caesaris
827 2694 897 2734 uxor
950 2672 991 2738 '8³0

131 2753 266 2811 Destinat
303 2754 431 2824 Optimus
448 2754 494 2810 hio
512 2757 541 2809 et
559 2754 771 2809 formosissimus
788 2753 865 2810 idem

132 2829 230 2885 Gentis
249 2830 383 2901 patriciae
401 2831 510 2902 rapitur
527 2831 610 2886 miser
627 2831 843 2899 exstinguendus

132 2906 306 2962 Messallinae
327 2907 423 2961 oeulis:
449 2907 555 2962 dudum
574 2907 654 2962 sedet
671 2907 719 2960 illa
737 2909 833 2976 parate

132 2981 277 3049 Flameolo,
298 2983 447 3052 Tyriusque
466 2982 558 3052 palam
577 2983 716 3054 genialis'
708 3000 737 3036 m
755 2983 842 3038 bortis

133 3056 279 3124 Sternitur,
298 3061 328 3111 et
345 3056 401 3110 ritu
421 3057 514 3112 decies
532 3061 647 3112 centena
667 3057 807 3113 dabuntur
951 3071 988 3114 aar
1063 3087 1064 3114 l

134 3131 274 3201 Antiqu03
297 3131 389 3184 veniet
408 3147 471 3184 erun
489 3131 674 3199 signatoribus
692 3149 803 3204 auspex.

134 3205 212 3260 Haec
230 3209 264 3261 tu
280 3207 388 3259 secreta
406 3208 441 3259 et
454 3206 549 3276 paucis
567 3207 710 3263 commissa
728 3209 847 3280 putates
