2134 3536
334 156 338 196 Γ
429 142 563 192 SATIRA
578 140 629 196 VI.
686 189 688 195 ,
927 141 958 190 er

101 229 216 304 Excipit
233 229 269 286 ad
281 233 397 301 sportam
414 230 548 300 quosdam
564 231 632 286 iacit
648 228 704 288 isse
720 229 862 300 Niphaten

98 309 138 368 ln
149 309 270 380 ¹populos
287 324 441 377 magnoque
458 307 514 362 illic
530 312 628 362 cuneta
644 324 710 364 arva
729 307 820 364 teneri
923 321 959 364 uo

101 385 228 452 Diluvio;
244 387 344 451 nutare
361 385 451 450 urbes,
470 383 612 444 subsidere
630 388 727 453 terras,

102 455 271 524 Quocunque
287 456 316 508 in
333 453 422 520 trivio,
440 453 593 522 cuicunque
611 458 654 509 cst
670 453 758 522 ebria,
775 454 877 509 narrat

136 531 197 586 Nec
213 535 308 586 tammr
325 529 356 584 id
372 493 471 586 vitium
488 530 576 599 magis
592 529 764 585 intolerabile
781 547 864 602 quam
887 548 959 602 quae

100 605 214 662 Vicinos
231 604 348 682 humiles
366 623 465 676 rapere
482 610 512 662 et
528 606 671 662 concidere
688 606 753 664 loris

100 683 224 740 Exorata
239 684 317 741 solet.
351 684 377 738 N
379 701 424 738 am
441 684 465 738 si
481 681 629 740 latratibus
646 683 697 740 alti
923 697 959 738 lm

101 760 290 835 Rumpuntur
295 761 392 828 somni,
412 760 533 816 “Foetes
551 760 606 816 huc
625 760 715 830 ocius,’
717 757 838 832 'inquit

100 837 255 907 “‚Alierte'’
268 824 358 906 atque
375 800 429 892 iilis
447 835 588 894 dominum
600 835 684 906 jubet
701 841 766 893 ante
781 835 866 907 feriri,

101 912 210 969 Deinde
227 929 330 980 canem,
348 913 439 982 gravis
457 913 579 984 occursu,
596 913 740 969 teterrima
756 915 842 1004 vultu,

100 989 206 1046 Balnea
221 994 302 1046 nocte
320 953 411 1056 iabiu
428 991 544 1046 conchas
562 994 592 1046 et
607 993 698 1046 casua
714 990 819 1048 moveri
921 1055 922 1058 Ἴ

99 1067 191 1134 Nocte
204 1054 303 1144 jubet;
320 1083 420 1136 magno
436 1067 541 1138 gaudet
558 1067 659 1123 sudare
676 1068 805 1127 tumultu
921 1083 958 1122 ιιι

100 1145 192 1211 Quum
209 1133 311 1200 lassata
326 1145 403 1213 gravi
419 1144 577 1200 ceciderunt
594 1144 706 1200 brachia
722 1161 820 1215 ιιιιιιι,

100 1221 225 1278 Callidus
242 1225 273 1278 et
290 1221 389 1288 cristae
409 1221 512 1290 digitos
529 1221 669 1292 impressit
685 1222 785 1292 aliptes

99 1300 144 1353 Ac
161 1314 298 1369 summum
317 1297 444 1354 dominae
461 1297 552 1354 femur
569 1299 723 1354 exclamare
741 1298 839 1368 coegit,

98 1374 247 1440 <Convivae
264 1373 358 1430 miseri
374 1375 482 1429 interca
499 1391 650 1444 somnoque
666 1375 794 1445 fameque

98 1450 250 1520 Urgentur)
267 1451 381 1506 tandem
399 1450 447 1505 illa
462 1451 538 1506 venit
525 1450 742 1518 trubicundula,
762 1453 852 1506 totum
920 1467 957 1506 aas

99 1527 292 1599 Oenophorum
311 1528 413 1596 sitiens,
432 1528 515 1599 plena
532 1527 606 1598 qnod
623 1527 749 1584 tenditur
765 1543 835 1584 urna

98 1603 253 1676 Admotum
271 1603 395 1676 pedibus,
414 1604 451 1658 de
468 1621 522 1674 quo
539 1604 676 1660 sextarium
693 1604 764 1660 alter

99 1669 216 1736 Ducitur
233 1684 299 1736 ante
316 1681 415 1750 cibum,
432 1679 557 1736 rabidam
574 1681 696 1736 facturus
715 1679 817 1749 orexin,

99 1756 173 1812 Dum
190 1757 264 1812 redit
281 1761 311 1813 et
327 1745 384 1812 loto
401 1723 504 1814 terram
520 1757 585 1812 ient
607 1757 747 1814 intestino.
929 1795 931 1800 .
951 1793 952 1796 =

99 1821 320 1890 Marmoribus
298 1835 350 1888 mvi
366 1838 525 1905 properant,
542 1837 639 1890 aurata
663 1832 813 1890 Falernum
919 1851 955 1896 eo

100 1910 191 1966 Pulvis
207 1911 278 1966 olet:
296 1928 359 1966 nam
376 1911 422 1978 sic,
440 1914 573 1981 tanquam
595 1910 680 1966 alta
671 1929 701 1966 ιιι
718 1909 793 1966 dolia
808 1911 906 1982 longus
956 1937 959 1944 ¹

77 2027 81 2040 .
98 1987 241 2042 Deciderit
258 2004 378 2057 serpens,
396 1953 469 2042 bibit
486 1991 516 2042 et
532 1987 626 2042 vomit.
662 1988 751 2056 Ergo
752 1987 867 2044 maritus

98 2062 223 2120 Nausoat
239 2068 323 2134 atque
340 2063 426 2118 oculis
442 2063 527 2118 bilem
543 2061 707 2132 substringit
724 2063 836 2134 opertis.

135 2139 190 2195 Illa
205 2143 298 2196 tamen
316 2140 433 2210 gravior,
450 2156 522 2210 qnae
539 2155 624 2210 quum
643 2139 815 2195 discumbere
831 2139 922 2210 coepit

98 2215 209 2280 Laudat
226 2217 380 2288 Virgilium,
398 2215 539 2288 periturae
556 2215 674 2285 ignoscit
691 2216 802 2284 Elissae,
917 2233 953 2272 ιιι
1008 2281 1010 2287 ¹

98 2293 255 2350 committit
272 2299 349 2348 vates
366 2297 396 2348 ct
413 2295 570 2364 comparat;
586 2291 652 2348 iude
672 2292 815 2348 Maronem

98 2372 194 2440 Atque
212 2371 266 2425 alia
282 2374 363 2440 parte
380 2370 409 2424 in
427 2369 534 2426 imtina
549 2367 695 2438 suspendit
713 2368 872 2426 Homerum.

98 2447 209 2502 Cedunt
226 2447 404 2516 grammatici,
422 2445 568 2501 vincuntur
585 2443 718 2512 rhetores,
736 2445 824 2500 omnis

95 2522 190 2579 Turba
206 2526 295 2580 tacet:
318 2539 368 2577 noc
388 2521 542 2578 erudiens
558 2537 609 2576 nee
625 2537 724 2591 praeeo
741 2521 875 2590 loquatur,

97 2599 198 2656 Altera
214 2617 265 2655 nec
281 2599 394 2656 mulier:
413 2599 559 2654 verborum
577 2601 656 2654 tauta
669 2597 745 2654 cadit
757 2597 814 2666 ris3
917 2615 953 2652 ιιο
1016 2605 1018 2612 ’

96 2676 150 2731 'lot
166 2675 273 2746 pariter
289 2675 390 2746 pelves,
408 2678 453 2732 tot
469 2674 653 2732 tintinnabula
670 2673 746 2730 dicas
950 2717 954 2729 .

96 2751 211 2808 Pulseri
247 2753 268 2808 J
269 2769 314 2808 am
331 2768 412 2806 nemo
428 2751 518 2821 tubas,
534 2767 616 2808 nemo
633 2767 699 2806 aera
715 2749 831 2821 fatiget:

95 2829 162 2884 Una
177 2828 314 2884 laboranti
331 2829 435 2899 poterit
451 2845 610 2884 succurrere
628 2827 729 2883 Lunae.
918 2836 923 2844 ·

96 2905 221 2976 Imponit
237 2905 320 2960 linem
337 2905 446 2975 sapiens
462 2908 494 2962 et
509 2905 593 2960 rebus
615 2901 745 2960 honestis

96 2981 170 3054 Nam
188 2998 260 3051 quae
277 2981 359 3052 docta
376 2981 456 3036 nimis
473 2982 551 3052 cupit
568 2985 599 3036 et
615 2981 732 3036 boanda
747 2977 835 3037 rideri
915 2997 952 3038 sar

96 3059 185 3114 Orare
201 3062 282 3114 tenus
299 3057 391 3112 madio
408 3058 514 3116 tunicae
532 3057 691 3126 succingere
709 3058 801 3128 debet,

97 3134 221 3190 Caedere
238 3135 348 3190 Silvano
365 3151 486 3204 porcum,
505 3135 660 3204 quadrante
682 3135 775 3190 lavari.

96 3211 160 3270 Non
174 3209 277 3268 babeat
293 3214 419 3266 matrona
428 3210 483 3268 tibi
499 3227 571 3284 quae
584 3210 683 3282 juncta
699 3212 836 3268 recumbit
