2134 3536
403 129 539 181 SATIRA
554 129 605 180 IV.
899 134 928 180 19

80 221 219 288 Exiguam
237 221 268 274 et
287 221 411 272 modicae
429 220 548 272 murtam
568 217 605 271 de
624 218 747 286 margine
765 233 873 282 coenae,
906 234 930 272 sc

80 298 242 366 Purpureus
258 294 350 363 magni
367 293 485 349 ructarit
501 309 596 348 scurra
614 293 711 362 Palati,

78 371 100 424 J
101 387 147 425 am
164 370 291 440 princeps
309 369 449 438 Equitum,
466 385 567 438 magna
584 369 632 440 qui
649 386 716 426 voce
734 367 841 426 solebat

78 447 211 502 Vendere
228 445 376 514 municipes
392 445 480 501 fracta
499 445 535 500 de
557 463 648 501 merce
666 447 771 502 siluros

80 523 187 592 Incipe,
207 521 335 591 Calliope,
353 521 419 578 licet
434 525 464 577 et
480 522 633 578 considere:
650 539 705 577 non
722 527 765 578 est

80 598 263 665 (lantandum,
281 615 326 652 res
343 614 408 653 vera
424 599 515 668 agitur
521 617 530 674 :¹
545 601 662 667 narrate,
679 599 788 670 puellae
906 617 931 656 3⁵

80 674 222 730 Pierides:
240 675 328 744 prosit
345 675 412 729 mihi
429 691 477 730 ros
494 675 596 730 dixisse
613 675 727 745 puellas.

116 752 208 818 Quum
219 749 279 820 jam
296 751 484 806 semianimum
502 753 635 807 laceraret
656 751 766 808 Flavius
782 752 876 808 orbem

79 827 206 884 Ultimus
219 832 249 883 et
266 827 341 882 calvo
359 828 473 883 serviret
492 829 580 882 Roma
598 828 708 896 Neroni,

81 904 186 960 Incidit
203 903 336 958 Hadriaci
353 905 472 974 spatium
490 904 650 958 admirabile
667 903 774 959 rhombi

81 983 159 1036 Anto
170 981 281 1036 domum
296 981 408 1036 Veneris
419 997 501 1050 quam
513 981 613 1036 Dorica
624 981 740 1036 sustinet
753 983 857 1048 Ancon
905 998 930 1036 so

81 1058 266 1128 Implevitque
283 1059 370 1112 sinus:
388 1074 478 1128 neque
496 1058 568 1112 enim
585 1057 674 1112 minor
690 1057 817 1114 haeserat
833 1057 886 1114 illis

81 1135 157 1200 Quos
168 1135 257 1205 operit
273 1134 374 1203 glacies
391 1135 528 1190 Maeotica
544 1138 680 1203 ruptaque
697 1133 811 1190 tandem

62 1215 65 1220 ’
81 1209 194 1266 Solibus
205 1211 322 1266 effundit
337 1212 472 1281 torpentis
490 1210 527 1265 ad
544 1211 614 1266 ostia
632 1211 720 1279 Ponti,

81 1287 195 1342 Desidia
211 1289 307 1342 tardos
324 1291 353 1342 et
370 1287 450 1356 longo
467 1287 568 1355 frigore
584 1287 705 1356 pingues.

80 1363 210 1418 Destinat
226 1363 278 1418 boc
294 1367 445 1420 monstrum
462 1361 575 1431 cymbae
594 1362 698 1431 linique
713 1365 846 1432 magister
903 1380 929 1420 ss

80 1439 207 1494 Pontifici
225 1456 336 1494 summo
373 1439 440 1505 Quis
457 1439 530 1494 enim
541 1439 801 1508 ‘proponeretalem

80 1517 142 1571 Aut
159 1531 250 1572 emere
267 1516 388 1584 auderet,
406 1531 492 1586 quum
509 1515 591 1586 plena
608 1519 638 1570 et
654 1515 736 1571 litora
751 1517 839 1574 multo

79 1591 210 1648 Delatore
227 1593 335 1648 forentl
369 1593 492 1663 Dispersi
508 1592 633 1662 protinus
651 1592 729 1662 algae

80 1667 262 1738 Inquisitores
280 1672 393 1737 agerent
410 1685 472 1724 cum
489 1669 592 1737 remige
608 1667 692 1738 nudo,

79 1744 107 1799 N
108 1762 144 1799 on
162 1744 475 1814 dubitaturi-fugitivum
493 1745 583 1799 dicere
600 1745 702 1814 piscem
903 1762 928 1802 so

78 1821 288 1892 Depastumque
305 1820 353 1875 diu
369 1821 472 1876 rivaria
490 1821 627 1888 Caesaris3
644 1821 709 1876 inde

78 1897 210 1968 Elapsum
226 1901 347 1952 veterem
365 1897 402 1952 ad
419 1897 559 1952 dominum
576 1897 678 1952 debers
695 1899 804 1954 reverti.

77 1974 108 2028 si
125 1973 194 2042 quid
211 1974 338 2042 Palfirrio,
357 1975 379 2028 si
396 1973 532 2029 credimus
549 1973 702 2043 Armillato,

79 2050 222 2120 Quidquid
236 2051 413 2121 ¹conspicuum
429 2053 609 2122 pulcrumque
629 2055 672 2106 est
689 2067 807 2122 aequore
824 2058 891 2122 toto,
929 2104 930 2108 ,

79 2127 135 2182 Res
152 2127 212 2183 fisci
228 2132 272 2184 est
288 2129 442 2197 ubicunque
458 2131 544 2184 natat
581 2129 734 2184 Donabitur
750 2145 817 2198 ergo
902 2145 930 2184 ⁵5.

78 2203 123 2258 Ne
140 2209 243 2274 pereat.
278 2204 344 2259 Jam
361 2204 469 2260 letifero
487 2203 602 2260 cedente
619 2205 724 2274 pruinis

79 2283 229 2349 Autumno,
241 2280 303 2350 jam
320 2284 483 2349 quartanam
500 2281 673 2350 sperantibus
690 2280 786 2350 aegris,

77 2356 221 2412 stridebat
237 2357 366 2412 deformis
383 2358 470 2412 biems
487 2357 674 2426 praedamque
689 2361 828 2412 recentem

77 2432 223 2489 Servabat:
241 2437 334 2490 tamen
351 2433 397 2489 hic
413 2436 543 2505 properat
559 2433 634 2488 velut
650 2437 748 2502 urgeat
765 2435 880 2490 Auster:

76 2509 173 2579 thue
190 2509 264 2566 lacus
281 2510 412 2566 suberant
427 2510 484 2577 ubi,
502 2527 658 2580 quanquam
676 2509 878 2580 dirutaserrat
900 2525 925 2566 co

76 2585 174 2654 Ignem
192 2586 339 2656 trojanum
356 2591 386 2643 et
402 2588 517 2643 Vestam
533 2587 599 2642 colit
617 2587 691 2643 Alba
707 2586 848 2655 minorem,
930 2593 931 2596 ’

76 2662 194 2718 Obstitit
210 2663 326 2719 intranti
343 2665 469 2720 miratrix
486 2664 575 2726 turba,
585 2679 740 2734 parumper⁴
929 2669 931 2672 '

44 2765 47 2770 ·
76 2739 118 2794 Ut
135 2740 217 2795 cessit
233 2741 306 2796 faedi
323 2745 474 2811 pctuemnt
490 2740 602 2796 cardine
619 2741 725 2806 valvoe;

75 2815 189 2871 Exclusi
206 2821 334 2887 spectant
350 2817 470 2874 admissa
487 2817 599 2873 obsonia
617 2817 722 2872 Patres
928 2823 931 2871 ζ

76 2893 141 2948 itur
158 2892 194 2947 ad
213 2893 340 2948 Atriden.
378 2895 446 2949 'lium
464 2895 568 2964 Picens,
587 2891 739 2963 “Accipe’'
752 2891 830 2962 dixit,
899 2909 924 2950 cs

74 2966 213 3024 “Privatis
229 2969 336 3039 majora
352 2971 434 3026 iocis:
458 2972 570 3041 genialis
590 2973 689 3039 agatur

75 3046 137 3100 Iste
154 3045 228 3101 dies:
251 3063 371 3118 propera
388 3048 558 3104 stomachum
575 3047 668 3102 lame
686 3047 795 3116 saginis,

74 3123 113 3178 Et
129 3126 179 3178 tua
197 3128 334 3180 servatum
352 3141 479 3182 consume
496 3126 525 3180 in
542 3125 633 3180 secula
648 3125 799 3180 rhombum.
928 3173 930 3178 Α

76 3197 142 3268 Ipse
159 3199 221 3270 capi
237 3200 345 3257 voluit?
381 3202 454 3270 Quid
470 3201 610 3272 apertiusl
628 3205 657 3257 et
673 3205 767 3257 canon
780 3201 819 3256 illi
926 3231 928 3240 ι
1020 3259 1025 3270 ,

8 3283 12 3302 ·
814 3283 852 3331 02
