2126 3532
382 79 516 130 SATIRA
531 81 593 130 XV.
612 79 690 132 XVI.
928 84 960 136 97⁷

93 169 226 227 Tantum
238 168 353 235 enimes,
361 169 440 222 nobis
451 169 571 224 animum
584 187 700 239 queque,
712 171 825 226 mutuus
835 173 868 226 ut
879 186 929 225 nos

93 248 232 302 Affectus
249 251 346 316 petere
363 245 494 299 auxilium
511 251 542 300 et
558 251 699 315 praestaro
712 245 833 315 juberet,
923 262 959 302 rso

93 324 252 395 Dispersos
269 322 425 378 traherem
430 323 581 412 populum,
598 324 716 392 migrare
732 327 841 380 vetusto

94 402 146 456 De
164 417 278 455 nemore
296 403 326 454 et
342 399 451 469 proavis
467 399 607 454 habitatas
624 401 747 470 linquere
764 381 853 466 silvas,

94 477 264 532 Aedilienre
281 475 384 544 domos,
401 475 519 530 Laribus
536 475 700 545 conjungere
716 477 817 532 nostris

94 553 220 608 Tectum
239 552 314 608 aliud
332 557 410 608 tutos
428 552 517 606 ricino
535 553 628 608 limine
646 569 755 614 somnos

94 630 146 686 Ue
162 630 263 686 collate
280 631 361 692 daret
378 629 486 698 lidueia,
502 634 646 699 protegere
663 630 746 684 armis
921 647 957 688 rur

94 706 226 776 Lspsum
243 711 292 762 aut
308 707 414 776 ingenti
430 711 573 761 nutantem
590 707 702 762 vulnere
719 707 814 776 civem,

96 783 249 839 Communi
266 783 333 838 dure
351 783 430 852 signu
445 784 520 850 tuba,
538 783 681 839 defendier
697 783 786 840 isdem

96 859 237 916 Turribus
254 864 338 931 atque
354 863 409 914 un's
425 864 567 930 portorum
585 860 775 917 elave'teneri.

96 936 158 992 Sed
173 935 233 1006 jum
251 941 410 1008 sequentum
428 937 516 1007 major
532 937 687 992 eoncordia:
711 939 800 1007 percit

97 1013 233 1084 (ingestis
250 1015 362 1070 maculis
379 1015 473 1069 similis
490 1015 555 1070 feru
591 1014 708 1082 Quando
724 1014 795 1070 leoni
919 1030 955 1070 roo

97 1089 214 1146 Fortior
230 1091 333 1161 eripuit
349 1092 435 1146 vitam
453 1091 513 1146 leel
536 1108 590 1161 quo
606 1107 718 1146 nemore
735 1107 856 1160 unquam

96 1166 260 1236 Exspiravit
276 1183 343 1242 aper
360 1167 473 1238 majoris
490 1167 619 1222 dentibus
636 1169 712 1238 april

98 1243 199 1300 indies
215 1243 295 1316 tigris
312 1245 370 1313 agit
387 1244 485 1299 rabide
502 1261 564 1301 eum
581 1245 684 1313 tigride
700 1260 795 1314 paoem

98 1319 282 1390 Perpetuam
306 1321 394 1376 saevis
411 1322 485 1375 inter
502 1337 533 1376 se
550 1321 676 1375 convenit
693 1321 770 1376 ursis.
918 1369 921 1376 .

99 1399 158 1452 Ast
175 1397 276 1451 homini
293 1397 396 1452 ferrum
413 1397 496 1452 letale
513 1396 614 1452 incude
630 1396 749 1452 nefanda
917 1412 952 1452 res

100 1472 267 1528 Produxisse
279 1491 376 1544 purum
389 1478 438 1539 est
457 1491 541 1543 quum
552 1477 642 1528 rastra
654 1477 684 1528 et
695 1472 801 1527 saterris
811 1476 922 1528 tantum

100 1549 215 1604 Assueti
233 1567 350 1620 coquere
368 1555 397 1606 et
415 1550 562 1605 meurisse
580 1566 690 1604 vomere
708 1549 772 1605 lessi

99 1625 126 1680 N
128 1626 239 1681 eseirint
255 1627 337 1698 primi
354 1628 460 1697 gladios
477 1626 628 1681 extendere
645 1626 724 1682 fubri.

100 1703 256 1772 Aspicimus
273 1705 387 1774 populos
405 1720 521 1774 quorum
538 1719 592 1758 nen
608 1704 708 1760 suffieit
724 1705 783 1759 iras

99 1777 238 1834 Oeeidisse
255 1779 390 1849 aliquem
413 1780 464 1835 sod
480 1783 599 1849 pectem,
618 1780 736 1850 branbis,
755 1782 860 1838 vultum
914 1797 950 1838 ro

98 1854 275 1910 crediderint
291 1871 377 1924 genus
396 1873 456 1911 esse
474 1857 535 1911 eibi.
570 1856 645 1922 Quid
662 1857 767 1914 dieoret
784 1873 857 1926 ergo,

97 1931 151 1985 Vel
168 1948 222 2002 quo
238 1949 293 1986 non
310 1933 427 2000 fugeret
445 1933 468 1986 si
485 1949 557 1988 nune
574 1933 641 1989 heee
657 1937 780 1988 menstra
797 1933 905 1990 rideret

98 2007 272 2076 Pythagoras,
290 2010 395 2064 eunetis
412 2010 575 2064 animalibus
592 2009 725 2066 abstinuit
742 2010 790 2080 qui

98 2083 237 2152 ranuun
249 2083 360 2140 homine
371 2088 402 2140 et
413 2087 502 2140 ventri
514 2085 628 2141 indulsit
639 2103 693 2142 non
704 2103 785 2142 omne
793 2113 795 2118 ·
802 2085 947 2156 legumenl

391 2263 664 2286 n-n—d-——n—-n—
752 2269 753 2273 ¹

286 2379 291 2388 ’
357 2403 368 2415 ”
408 2417 552 2476 ειιιιιι
572 2417 651 2474 xvr.

99 2548 165 2606 Orus
180 2565 326 2604 numerere
343 2551 428 2618 quest
444 2547 530 2602 felicis
546 2547 675 2617 proemio,
688 2547 775 2617 (lello,

99 2622 210 2677 Militiae
218 2626 228 2679 l
266 2623 387 2688 Quodsi
404 2623 559 2678 subeuntur
575 2639 709 2694 prospers
726 2629 824 2690 oestro,

99 2697 143 2752 Me
158 2698 288 2768 pavidum
307 2700 429 2770 excipiat
446 2700 564 2754 tironem
581 2705 663 2770 perta
678 2701 799 2756 monem

57 2787 60 2792 ’
95 2773 197 2832 Sidere.
234 2775 300 2830 Plus
316 2775 421 2831 etenim
439 2776 490 2830 fati
507 2775 582 2830 velet
598 2776 665 2830 hors
682 2777 801 2846 benigni
816 2783 818 2786 ’

101 2849 182 2915 Quem
198 2851 222 2906 si
239 2867 289 2908 nos
305 2853 423 2908 Veneris
441 2852 615 2908 eommendet
632 2853 748 2923 epistole
764 2853 850 2910 Morti
932 2869 946 2910 s

100 2925 135 2982 ut
150 2926 239 2982 Samis
255 2929 376 2998 genitrix
394 2945 467 2998 quae
484 2929 638 2985 delectetur
654 2946 744 2984 arens

133 3002 278 3060 Commodo
294 3009 445 3061 traetemus
462 3007 582 3076 primum
600 3007 768 3063 eommunis:
791 3023 908 3078 qnorum

102 3069 179 3134 Haud
194 3081 337 3137 minimum
354 3081 424 3136 illud
441 3085 504 3150 erit,
517 3099 552 3137 ne
569 3087 599 3138 te
615 3084 726 3153 pulsare
744 3087 855 3154 togatus

101 3155 218 3224 Ardeam
240 3159 325 3214 immo
341 3158 395 3214 etsi
412 3159 538 3229 pulsetur
558 3160 719 3232 dissimulet,
737 3177 787 3216 nee

159 3247 216 3290 rur.
854 3253 876 3294 11
