2134 3536
123 117 155 166 14
358 117 392 166 D.
410 117 517 168 dUNII
532 117 740 169 JUVENALIS

124 205 179 261 Hic
196 206 313 276 plaudat
329 206 411 262 nitidi
428 208 573 277 praeconis
591 209 662 262 filius
680 209 753 264 inter

123 281 265 352 Pinnirapi
282 283 370 338 cultos
383 283 499 352 juvenes
512 284 684 353 juvenesque
702 285 842 340 lanistae.'’

124 359 169 414 Sic
186 360 296 414 libitum
314 377 382 415 rano
400 361 447 429 qui
465 378 514 416 nos
532 361 658 417 distinxit
676 361 784 417 Othoni.

124 436 191 502 Quis
208 454 293 506 gener
309 437 353 491 bic
370 437 473 506 placuit
492 455 574 492 censu
592 439 680 493 minor
694 443 778 508 atque
793 440 903 510 puellae
944 455 983 495 reo

123 513 269 568 Sarcinulis
287 514 394 584 impari
418 515 602 585 quispanper
619 516 749 570 scribitur
765 516 866 572 heresi

123 590 238 657 Quando
255 591 283 644 in
302 591 412 646 consilio
431 595 475 644 est
494 593 640 646 Aedilibus
650 595 659 647 'l
696 593 816 662 Agmine
833 594 910 648 facto

122 667 283 722 Debuerant
301 668 364 722 olim
382 671 479 722 tenues
496 669 626 736 migrasse
644 670 772 735 Quirites.

123 744 209 798 Haud
224 745 303 800 facile
321 748 465 813 emergunt
483 761 599 814 quorum
616 745 765 800 uirtutibus
784 746 877 801 obstat

122 821 179 876 Res
195 826 312 890 angusta
330 822 419 877 domi:
444 821 494 876 sed
512 821 617 876 Romae
634 823 729 876 durior
745 821 799 876 illis
943 837 981 877 res

122 898 260 964 Oonatus3
284 915 383 967 magno
400 898 550 968 hospitium
568 899 731 966 miserabile,
749 915 849 967 magno

122 975 267 1030 Servorum
284 980 394 1030 ventres
411 980 441 1030 et
457 976 530 1044 frugi
548 975 661 1030 coenula
677 991 783 1044 magno.

122 1051 264 1106 Fictilibus
282 1069 398 1106 coenare
413 1053 508 1122 pudet,
527 1053 602 1121 quod
618 1052 828 1122 tnrpe‘negevit

120 1129 280 1184 'lbanslatus
296 1129 387 1183 subito
405 1129 442 1182 ad
459 1129 565 1183 Marsos
581 1146 757 1198 mensamque
776 1127 913 1182 Sabellum

122 1205 328 1275 Contentusque
345 1206 399 1260 illic
417 1209 515 1260 veneto
533 1205 657 1274 duroque
676 1206 787 1260 cucullo.
943 1221 979 1260 iro

121 1281 189 1336 Pars
205 1299 303 1350 magna
321 1283 420 1337 Italiae
438 1286 488 1350 cst,
507 1283 641 1336 siveram
658 1282 839 1348 admittimus,
856 1281 885 1335 in
902 1299 961 1352 qua

120 1358 208 1412 Nemo
224 1362 318 1428 togam
336 1360 420 1432 sumit
436 1360 487 1412 nisi
503 1363 635 1414 mortuus.
672 1359 739 1428 Ipsa
754 1359 862 1412 dierum

121 1435 267 1490 Festcrnm
285 1436 401 1490 herboso
419 1437 519 1490 colitur
536 1437 560 1490 si
577 1435 688 1505 quando
705 1435 815 1490 theatro

120 1511 254 1580 Majestes
273 1513 442 1581 tandemque
459 1512 534 1566 redit
552 1512 589 1566 ad
606 1512 713 1581 pulpita
729 1515 826 1566 notum

120 1587 264 1656 Exodium
283 1606 368 1658 quum
385 1603 518 1656 personae
535 1585 666 1658 pallentis
683 1587 790 1642 hiatum
942 1603 978 1644 17⁵

121 1663 156 1718 In
173 1666 277 1733 gremio
295 1665 391 1719 matris
409 1663 539 1718 formidat
556 1664 675 1718 rusticus
692 1665 788 1734 infans,

121 1741 260 1810 Aequales
277 1741 389 1795 habitus
407 1741 463 1794 illio
481 1740 653 1810 similemque
670 1741 777 1796 videbis

120 1817 296 1872 Orchestram
313 1821 342 1872 et
359 1818 504 1888 populmn:
528 1817 594 1871 clari
611 1817 735 1872 velamen
752 1816 862 1872 honoris
884 1875 887 1884 ,

120 1893 262 1949 Sufficiunt
279 1895 390 1949 tunicae
408 1894 520 1948 summis
539 1893 686 1948 Aedilibus
703 1893 790 1948 albae.

120 1969 176 2024 Hie
193 1971 266 2026 ultra
282 1972 355 2026 vires
372 1971 484 2026 habitus
499 1971 588 2036 nitor;
612 1969 656 2024 hic
674 1969 778 2040 aliquid
793 1971 857 2041 plus
941 1990 977 2028 rso

120 2047 209 2110 Quam
226 2048 294 2103 satis
311 2051 355 2102 est
371 2048 511 2102 interdum
529 2048 619 2102 aliena
636 2047 753 2101 sumitur
767 2063 841 2102 arca

120 2124 270 2179 Commune
287 2124 317 2177 id
334 2125 432 2178 vitium
449 2128 510 2180 est:
531 2123 576 2178 bic
592 2124 708 2178 vivimus
725 2123 870 2179 ambitiosa

119 2199 289 2270 Paupertate
307 2217 407 2256 omnes.
443 2201 516 2266 Quid
532 2204 563 2256 te
579 2202 690 2256 moror?
727 2198 827 2255 Omnia
844 2201 952 2258 Romae

119 2277 189 2331 (lum
206 2277 303 2347 pretio.
338 2278 412 2344 Quid
428 2277 478 2332 das
495 2281 528 2331 nt
546 2277 659 2332 Cossum
676 2276 823 2346 aliquando
840 2277 964 2334 salutent

118 2353 160 2408 Ut
177 2357 206 2408 te
223 2354 351 2424 respiciat
368 2354 459 2409 clauso
477 2354 595 2408 Veiento
612 2353 731 2410 labello?
937 2371 975 2410 ree

119 2429 172 2484 ille
189 2429 270 2485 metit
286 2430 407 2496 barbam,
427 2431 529 2486 crinem
546 2429 591 2484 hic
610 2430 724 2500 deponit
741 2429 844 2495 emath

119 2504 205 2561 Plena
222 2506 318 2561 domus
335 2507 396 2562 libis
413 2507 568 2562 venalibus!
600 2507 705 2576 Accipe
722 2510 758 2561 et
768 2507 845 2561 istud

118 2581 296 2638 ilementum
313 2583 365 2638 tibi
381 2583 468 2638 habe:
490 2585 632 2653 praestare
648 2582 755 2638 tributa
772 2583 886 2639 clientes

118 2658 248 2728 Cogimur
265 2663 294 2715 ct
311 2661 393 2715 cultis
409 2677 511 2730 augere
528 2660 636 2731 pectdis
652 2661 745 2715 servis.

152 2736 219 2801 Quis
236 2737 317 2792 timet
334 2741 382 2792 aut
399 2737 493 2792 timuit
510 2736 602 2806 gelide
618 2737 768 2792 Praeneste
786 2737 900 2806 ruinam,
936 2753 973 2792 roo

117 2813 178 2866 Aut
194 2813 290 2880 positis
307 2830 450 2868 nemorosa
467 2815 540 2869 inter
552 2813 623 2883 juga
638 2805 844 2882 Volsiniia'ent

117 2887 291 2957 Simplicibus
310 2890 412 2958 Gabiis,
431 2894 480 2944 aut
495 2891 576 2960 proni
595 2891 703 2946 'liburie
720 2893 800 2948 areel

58 2985 62 2992 ·
117 2963 175 3018 Nos
192 2963 288 3020 urbem
305 2965 418 3020 colimus
434 2966 510 3021 tenui
527 2967 639 3022 tibicine
656 2967 754 3022 fultam

117 3039 218 3108 Magna
234 3045 314 3109 parte
329 3042 379 3097 sni.
415 3043 487 3098 Nam
504 3043 543 3098 sic
560 3043 714 3098 labentibus
731 3044 825 3100 obstet

117 3115 231 3171 Villieus
248 3121 278 3172 et
295 3119 396 3174 veteris
412 3119 500 3174 rimae
516 3121 641 3176 contexit
658 3119 771 3188 hiatum,
936 3135 972 3174 uu
1049 3125 1050 3130 ’

116 3191 231 3249 Securos
249 3193 389 3262 pendente
405 3195 489 3266 jubet
507 3197 630 3253 dormire
649 3197 735 3252 ruina.
1049 3199 1050 3212 ¹
