2134 3536
114 111 129 160 8
352 111 385 162 D.
402 109 508 162 JUNII
525 112 544 162 J
547 111 748 163 UVENALIS'

115 199 254 257 Attollens
270 201 374 257 oculos:
398 201 486 256 vitreo
502 201 575 257 bibit
592 201 763 273 ille·Pn'apo‚
949 219 977 261 ee

114 277 326 348 Reticulumque
344 277 427 332 comis
444 281 570 332 auratum
587 278 744 348 ingentibus
761 277 866 352 implet,

115 353 248 409 Caerulea
264 353 377 408 indutus
394 355 531 410 scutulata
547 359 596 410 aut
612 356 723 425 galbina
739 373 810 425 rasa,

47 431 52 444 '
113 429 152 485 ut
168 448 219 500 per
236 431 373 486 Junonem
391 431 493 485 domini
506 431 619 500 jurante
635 433 767 487 ministro.

114 505 166 561 illo
183 510 261 561 tenet
277 507 423 576 speculum,
441 507 545 578 pathici
562 512 704 577 gestamen
723 505 848 577 Othonis,

113 583 224 638 Actoris
243 584 365 638 Aurunci
383 583 505 654 spolium,
524 599 578 654 qno
597 584 689 638 seille
706 583 820 638 ridebat
932 601 972 640 noo

113 661 260 714 Armatum
278 677 361 730 quum
374 659 434 728 jam
452 660 512 714 tolli
529 660 630 714 vexilla
643 658 764 728 juberet.

113 734 169 789 Res
187 736 363 790 memoranda
380 736 457 790 novis
474 736 617 790 annalibus
634 740 718 805 atque
735 735 840 791 recondi

113 811 243 881 Historia,
261 812 400 882 speculum
418 812 503 886 civilis
521 811 627 866 sarcina
644 811 716 866 belli

110 887 248 941 Nimirum
264 888 362 942 summi
380 887 455 941 ducis
474 891 516 943 est
534 888 657 942 occidere
676 888 800 958 Galbam,

111 963 149 1018 llt
165 979 262 1018 curare
280 966 384 1018 eutem:
408 964 505 1017 summi
523 965 674 1019 constantia
691 964 757 1019 civis
932 981 970 1020 ros

40 1043 45 1052 “
111 1039 237 1094 Bebriaci
253 1055 348 1108 campo
365 1040 481 1110 spolium
498 1039 627 1095 affectare
646 1039 744 1110 Palati,

111 1116 149 1171 Et
165 1133 288 1185 pressum
305 1117 333 1170 in
349 1115 418 1170 facie
437 1116 530 1185 digitis
548 1117 697 1171 extendere
713 1133 825 1188 panem:

112 1193 192 1258 Quod
208 1210 259 1248 nec
276 1193 304 1246 in
323 1193 434 1262 Assyrio
452 1194 612 1262 pharetrate
631 1193 788 1248 Semiramis
806 1192 881 1262 orbe,

111 1269 219 1324 Moesta
234 1285 285 1329 nec
304 1269 419 1324 Actiaca
436 1269 502 1324 fecit
521 1269 667 1340 Cleopatra
684 1270 781 1324 carina

112 1345 167 1400 Hic
184 1345 272 1400 nullus
288 1345 379 1400 verbis
394 1346 484 1415 pudor
502 1349 550 1400 aut
566 1346 721 1400 reverentia
738 1361 865 1414 mensae;
928 1360 965 1399 11o

112 1421 166 1475 Hic
182 1421 271 1490 turpis
289 1421 403 1491 Cybeles
421 1426 450 1477 et
467 1423 554 1476 fructa
571 1439 637 1476 voce
654 1421 783 1491 loquendi

111 1497 238 1552 Libertas
255 1501 285 1553 et
302 1498 375 1553 crine
393 1515 475 1553 sonex
493 1499 628 1552 fanaticus
646 1498 708 1552 albo

111 1573 253 1628 Sacrorum
271 1575 392 1641 antistes,
410 1592 502 1629 rarum
520 1591 552 1628 ao
568 1573 743 1628 memorabile
760 1571 852 1642 magni

112 1649 238 1705 Gutturis
256 1651 410 1719 exemplum
427 1649 676 1719 conducendusque
695 1650 833 1717 magister.

113 1727 186 1794 Quid
202 1731 295 1783 mmen
312 1731 474 1796 exspectant
493 1726 610 1795 Phrygio
623 1743 691 1796 quos
708 1729 816 1795 tempus
828 1727 889 1780 erat
902 1723 962 1796 jum

111 1803 189 1858 More
206 1819 400 1873 supervacuam
418 1803 512 1857 cultris
529 1801 693 1872 abrumpere
711 1801 838 1855 carnemt
926 1817 963 1856 ue

112 1879 317 1948 Quadringenta
334 1879 413 1933 dedit
431 1879 570 1933 Gracchus
587 1879 714 1933 sestertia
730 1877 824 1931 dotem

113 1955 254 2022 Cornicini,
273 1956 329 2010 sive
346 1955 391 2009 hic
408 1959 486 2010 recto
503 1958 662 2010 cantaverat
679 1971 756 2020 aere;

112 2031 240 2100 Signatue
257 2030 380 2097 tubulae;
405 2032 509 2086 dictum
528 2031 672 2085 Felicitati
710 2031 812 2100 Ingens

111 2107 204 2162 Coena
221 2107 314 2174 sedet3
335 2109 440 2177 gremio
453 2107 543 2176 jacuit
560 2123 629 2162 nora
646 2110 734 2176 nupta
750 2108 850 2162 mariti.
926 2123 961 2163 sno

112 2183 135 2238 Ο
152 2201 285 2254 proceres,
304 2201 417 2240 censore
434 2200 503 2254 opus
520 2187 562 2239 est
580 2201 615 2239 an
632 2184 775 2254 huurspice
793 2185 889 2240 uobisi

111 2259 218 2315 Scilicet
235 2260 359 2315 horreres
377 2260 535 2330 majoraque
551 2265 672 2316 monstra
689 2265 810 2330 putares,

111 2335 140 2390 Si
158 2337 255 2390 mulier
272 2337 388 2394 vitulum
405 2337 448 2390 rel
466 2338 488 2390 si
506 2336 557 2391 bos
575 2337 671 2392 ederet
688 2341 806 2405 agnum

110 2413 257 2480 Segmenta
274 2415 304 2466 et
320 2413 414 2482 longos
430 2412 541 2467 habitus
558 2417 587 2468 et
605 2413 703 2468 damea
721 2413 814 2482 sumit,

111 2491 221 2543 Arcano
238 2489 285 2559 qui
303 2505 379 2543 sacra
396 2490 486 2543 ferens
503 2490 630 2544 nutantia
646 2489 705 2542 loro
927 2504 962 2543 res

111 2565 226 2620 Sudavit
244 2565 337 2636 clipeis
355 2565 501 2620 ancilibus!
539 2565 563 2618 Ο
581 2569 660 2635 pater
679 2565 771 2634 Urbis,

110 2641 193 2696 Unde
210 2641 286 2694 nefas
304 2644 412 2696 tantum
431 2641 518 2696 Latiis
536 2641 710 2711 pastoribusl
733 2641 807 2697 unde

111 2717 189 2772 Haec
206 2718 308 2786 tetigit,
330 2717 456 2788 Gradive,
474 2722 537 2772 tuos
555 2719 645 2773 urtica
662 2721 797 2788 nopotesl

109 2794 240 2848 Traditur
257 2810 320 2848 ecce
337 2794 396 2847 viro
412 2795 502 2848 clarus
518 2811 620 2862 genere
637 2797 721 2864 utque
739 2795 836 2864 opibus
853 2795 910 2851 rir:

110 2870 169 2924 Nec
185 2871 292 2938 galeam
310 2885 430 2938 quassas,
448 2887 499 2925 neo
516 2875 619 2926 terram
637 2871 750 2941 cuspide
767 2872 866 2939 pulsae,
924 2887 958 2926 reo

110 2946 137 3000 N
139 2962 170 3000 ec
187 2947 310 3015 quereris
327 2947 419 3016 patrii
455 2947 536 3001 Vade
554 2964 618 3016 ergo
637 2950 668 3001 et
684 2947 752 3001 cede
770 2947 858 3002 severi

110 3021 261 3090 «iugeribus
278 3021 368 3091 campi
386 3039 468 3091 quem
486 3024 617 3092 negligis!
654 3022 779 3076 Officium
797 3037 857 3076 cres

111 3096 203 3150 Primo
222 3098 278 3151 sole
295 3098 362 3150 mihi
379 3099 568 3167 peragendum
584 3099 613 3152 in
631 3099 701 3152 valle
720 3098 835 3163 Quirini.

156 3189 188 3228 ue
205 3189 287 3228 cama
304 3171 399 3228 officiii
436 3173 509 3240 Quid
526 3174 653 3244 quaerisi
688 3173 778 3229 Nubit
795 3174 901 3242 amicus,
