2164 3536
128 97 159 167 ’το
359 115 391 164 n.
412 113 520 167 JUNII
537 115 750 167 Juvnnnms

126 201 200 270 (Non
217 205 332 270 cogente
350 201 466 271 quidem*
480 201 529 256 sed
546 219 597 258 nec
613 203 777 274 prohibente
794 205 933 276 Tribuno)

126 277 284 348 Scripturas
301 277 376 346 leges
393 280 424 332 et
440 277 518 346 regia
534 278 619 334 verba
635 279 758 336 lanistae.
775 327 779 343 .

125 353 229 410 Multos
246 369 329 424 porro
347 352 425 408 vides
444 371 514 424 quos
531 371 614 425 saepe
632 355 724 410 elusus
742 356 891 427 adipsum

82 489 85 498 ,
125 431 255 486 creditor
272 429 414 484 introitum
433 429 504 484 solet
523 435 685 502 exspectare
702 433 817 502 macelli,
965 449 991 490 ro

126 507 164 562 nt
182 508 281 576 quibus
298 507 327 560 in
345 507 402 561 solo
419 507 529 562 vivendi
548 525 629 562 cerusa
645 509 740 578 palate
759 513 810 566 est.

125 579 259 653 Egregius
278 587 376 638 coenat
390 584 541 654 meliusque
558 585 728 641 miserrimus
744 585 852 657 horum,

125 661 162 714 Et
180 661 236 715 cito
253 675 365 714 casurus
384 659 444 729 jam
461 661 621 730 perlucente
638 661 723 718 ruina

126 737 238 792 Interea
255 740 354 806 gustus
370 737 506 792 elementa
523 753 574 806 per
591 734 682 793 omnia
698 744 843 809 quaerunt,

125 814 272 882 Nunquam
290 813 381 866 animo
397 813 495 882 pretiis
513 813 699 869 obstantibus:
724 816 839 872 interius
857 817 882 872 si
961 836 988 874 15

127 889 274 958 Attendas,
292 890 377 958 magis
395 888 442 942 illa
460 888 561 958 juvent
578 907 650 960 quae
667 889 754 960 pluris
772 899 911 950 emimtur.

124 967 198 1035 Ergo
215 966 290 1020 haud
308 965 418 1020 difficile
435 969 478 1020 cst
495 967 648 1036 perituram
665 983 805 1023 arcessere
820 987 963 1027 summam

124 1037 259 1098 Lancibus
277 1042 410 1111 oppositis
426 1042 470 1096 vel
485 1043 582 1096 matris
599 1043 719 1111 imagine
735 1045 829 1115 fracta,

125 1119 162 1174 llt
179 1118 387 1188 quadringentis
404 1118 523 1172 nummis
541 1119 654 1173 condire
669 1120 801 1187 gulosum.

124 1195 230 1250 Fictile.
265 1195 310 1249 Sic
326 1195 439 1250 veniunt
456 1195 492 1248 ad
509 1194 682 1258 miscellanea
699 1195 765 1253 ludi.
956 1216 984 1255 eo

78 1275 80 1278 ’
158 1272 256 1328 Refert
273 1287 340 1340 ergo
357 1271 419 1341 quis
436 1271 505 1326 haec
522 1271 620 1326 eadem
636 1275 731 1340 parea
751 1275 781 1328 in
799 1274 895 1330 nutus·
913 1293 982 1332 nam
1060 1309 1061 1314 κ

123 1348 245 1404 Luxuria
262 1351 312 1416 est,
330 1348 359 1402 in
377 1347 508 1402 Ventidio
526 1347 663 1402 laudabile
680 1366 780 1405 nomen
1060 1335 1061 1420 J

123 1425 213 1480 Sumit
230 1429 260 1480 et
277 1441 294 1479 s
311 1441 393 1480 censu
408 1425 509 1479 famare
526 1425 620 1480 trahit
657 1425 741 1480 Illum
758 1443 810 1495 ego
828 1427 894 1496 jure
1060 1491 1061 1498 ἵ

123 1499 280 1571 Despiciam
299 1500 346 1570 qui
364 1501 416 1556 seit
435 1503 538 1569 quanto
556 1501 698 1554 sublimior
716 1502 799 1556 Atlas
1060 1525 1061 1556 r

123 1575 256 1632 Omnibus
272 1577 301 1630 in
320 1576 406 1646 Libya
424 1577 462 1630 sit
478 1576 625 1646 montibus,
642 1577 687 1631 hic
703 1580 798 1633 tamen
814 1578 888 1634 idem
955 1597 980 1636 ss

123 1652 238 1722 Ignoret
256 1656 388 1723 quantum
406 1653 512 1708 ferrata
528 1653 614 1708 distet
632 1653 667 1707 ab
685 1669 750 1708 arca

123 1729 258 1784 Saticulus.
295 1729 410 1784 Floaelo
428 1728 668 1802 descenditque&
687 1730 804 1795 σεαυτόν,

122 1804 275 1874 Figendum
293 1807 323 1859 et
339 1804 454 1859 memori
468 1799 645 1858 tractandum
662 1808 781 1876 pectore,
798 1805 857 1862 sivo

122 1879 287 1951 eonjugium
305 1895 420 1950 quaeres
437 1879 481 1934 vel
498 1880 568 1934 sacri
585 1881 613 1934 in
630 1885 709 1951 parte
728 1882 845 1938 Senatus

121 1957 190 2012 Esse
207 1957 282 2026 velis,
300 1957 362 2025 (nec
379 1957 451 2011 enim
467 1954 580 2010 loricam
598 1958 685 2025 poscit
702 1957 819 2014 Achillis

121 2033 267 2101 Thersites,
286 2033 314 2086 in
333 2049 388 2102 que
405 2047 435 2086 se
452 2031 616 2086 traducebat
633 2033 731 2088 Ulixes
847 2089 850 2096 ,

121 2109 306 2180 Ancipitem3)
323 2125 372 2164 seu
389 2112 422 2164 tu
438 2124 538 2177 magno
555 2109 712 2164 discrimine
729 2125 838 2166 causam

121 2185 272 2256 Protegere
289 2187 408 2256 effectas,
425 2187 456 2240 te
472 2185 589 2254 consule,
607 2186 651 2241 dic
667 2186 719 2240 tibi
736 2187 861 2266 quissis,
1057 2159 1061 2346 Ὗ

120 2261 221 2317 Orator
240 2263 386 2318 vehemens
405 2279 441 2316 en
461 2261 574 2317 Curtius
594 2265 624 2317 et
643 2263 738 2318 Matho
757 2263 865 2318 buccae.

119 2340 146 2392 N
148 2340 265 2394 oscenda
285 2344 328 2394 cst
347 2355 475 2394 mensura
493 2339 535 2392 sui
557 2340 760 2410 spectandaque
779 2339 863 2394 rebus
944 2355 972 2398 ss
1060 2347 1061 2422 l

120 2415 154 2468 In
175 2416 286 2470 summis
305 2415 491 2484 minimisqu03
514 2415 598 2470 etiam
620 2432 704 2484 quum
723 2416 803 2486 piscis
824 2418 932 2470 emetur

119 2491 146 2546 N
148 2508 163 2546 e
183 2492 297 2546 mullum
316 2491 408 2561 cupias
427 2508 513 2560 quum
531 2491 569 2546 sit
586 2491 638 2546 tibi
658 2491 740 2560 gobio
758 2494 866 2547 tentum

119 2568 154 2622 In
174 2569 276 2624 loculis
314 2568 381 2636 Quis
400 2568 473 2624 enim
492 2571 522 2623 te
542 2567 688 2624 deficiente
707 2584 836 2624 crumena

118 2643 156 2698 Et
177 2649 318 2700 crescente
336 2646 512 2714 gnomones
533 2643 630 2714 exitus,
649 2662 714 2701 ecre
731 2649 846 2716 paterno
924 2709 928 2715 Ι

119 2719 163 2774 Ac
181 2718 265 2774 rebus
284 2722 380 2776 mersis
400 2722 429 2774 in
448 2725 580 2787 ventrem,
598 2721 700 2777 fenoris
719 2726 804 2792 atque
943 2736 968 2775 ro

118 2796 237 2864 Argenti
257 2797 348 2865 gravis
367 2800 397 2851 et
417 2811 547 2866 pecorum
566 2795 749 2867 agrorumque
765 2795 909 2867 capacem?

118 2871 228 2926 Talibus
248 2888 265 2926 a
283 2872 400 2926 dominis
419 2876 481 2942 post
501 2876 600 2927 cunda
619 2875 779 2928 novissimus
798 2873 856 2928 exit

117 2947 252 3016 Aerulos,
271 2951 301 3002 et
321 2949 409 3016 digito
429 2948 569 3004 mendicet
588 2949 674 3002 Pollio
694 2949 775 3003 nudo.

117 3021 180 3076 Non
200 3025 367 3092 praematuri
378 3026 490 3078 cineres
511 3039 561 3076 noc
581 3024 662 3078 funus
682 3024 810 3080 acerbum

117 3097 263 3164 Luxuries,
283 3099 332 3152 sed
349 3104 439 3154 morte
457 3099 543 3166 magis
561 3100 710 3155 metuenda
727 3105 860 3157 senectus
942 3117 965 3156 rs

118 3170 157 3226 Hi
177 3170 338 3242 plerumque
357 3173 474 3240 gradus:
498 3171 634 3230 conducta
651 3177 768 3244 pecunia
786 3178 889 3232 nomes
955 3239 957 3244 ,
