2164 3536
134 137 172 189 re
370 137 402 188 n.
423 134 530 188 sunu
547 109 757 190 Juvnunnrs

132 228 239 297 Ingerit
256 223 344 298 utque
362 223 425 284 sues
443 229 537 284 ridens
553 229 683 299 producit
700 224 830 285 alumnos.
852 229 858 249 '⁴
952 228 955 232 ’

142 331 143 336 1
168 305 222 358 Hic
239 307 358 374 magicos
376 307 457 360 affert
475 310 580 372 cantus,
599 307 645 360 hie
663 304 790 360 'l'hessala
807 305 905 362 vendit
955 317 992 362 erc

132 380 246 449 Philtra,
266 381 365 450 quibus
381 379 493 438 valeant
509 387 631 436 mentem
650 399 750 436 vexare
767 384 860 436 mariti

131 456 168 510 111
185 457 259 512 solea
276 458 386 526 pulsare
403 462 489 512 nates.
526 459 607 524 Quod
625 459 727 527 desipis
744 459 810 512 inde
826 463 887 526 est3

131 533 203 588 iude
221 534 304 588 animi
321 533 409 604 caligo
427 539 456 590 et
473 545 574 604 magna
591 536 691 590 oblivio
709 551 801 589 rerum

131 609 204 672 Quas
222 610 304 664 modo
321 612 439 679 gessisti.
474 612 576 666 Tamen
594 613 646 666 hoc
664 599 815 678 tolelabile
835 611 858 666 si
875 627 932 667 101
1007 658 1010 667 ,

130 684 167 739 Iit
184 686 276 740 furere
294 687 416 756 incipias,
435 692 468 744 11
485 689 635 742 avunculus
652 689 699 742 ille
717 688 843 756 Neronis,
954 703 991 743 01

130 761 181 815 t'ui
199 766 286 818 totam
304 765 415 818 tremuli
433 767 553 819 frontem
570 765 703 820 Caesonis
720 765 803 834 pulli¹

129 836 245 894 infudit
281 841 358 906 Quae
375 857 429 895 nnn
447 843 531 896 laniet
548 842 623 911 qued
642 841 777 910 Principis
800 839 887 896 uxori
978 839 979 842 ’

128 913 276 970 Ardebant
294 921 393 971 cuncta
411 919 545 972 0111011
563 931 694 987 compage
712 917 837 985 ruebent,
920 949 923 956 ν
988 921 990 926 ’

128 988 191 1042 1101
209 992 291 1046 aliter
309 1007 391 1060 quarn
409 995 432 1049 si
450 995 561 1048 fecisset
578 995 654 1048 duno
673 993 802 1047 maritum

128 1065 268 1126 insanum.
302 1067 395 1123 Minus
412 1083 478 1139 ergo
496 1085 598 1124 nocens
616 1071 670 1125 erit
689 1070 862 1139 Agrippinae
951 1083 991 1122 sse

127 1142 257 1200 Baletus:
268 1142 412 1214 siquidem
430 1148 510 1200 unius
528 1145 690 1217 praecordia
713 1146 815 1215 pressit

127 1219 180 1274 ille
198 1221 271 1276 senis
288 1223 494 1292 tremulumque
512 1228 595 1293 eaput
613 1221 782 1276 descendere
797 1221 885 1290 jussit

109 1295 162 1350 -In
180 1297 285 1352 caelum
303 1303 333 1353 et
349 1299 432 1368 longa
449 1299 589 1354 manantia
606 1299 683 1353 labra
700 1297 792 1352 salius.
817 1333 821 1340 ·

48 1431 51 1440 Ι
127 1373 205 1427 11100
222 1375 311 1443 poscit
328 1371 431 1430 fenum
450 1382 533 1446 atque
550 1378 636 1444 ignes,
653 1376 721 1430 haec
739 1375 816 1444 potio
839 1376 960 1442 torquet,

127 1449 206 1503 Heec
223 1451 327 1506 lecerat
346 1454 447 1508 mixtos
468 1454 599 1520 Equitum
617 1469 680 1506 cum
698 1451 830 1518 sanguiue
849 1449 956 1504 Patres.

126 1525 207 1580 'lauti
225 1531 321 1595 partus
339 1543 435 1598 equae,
454 1529 526 1583 tanti
543 1541 599 1582 una
617 1527 740 1582 venefica
757 1529 881 1580 constat!
951 1537 990 1580 suc

162 1602 289 1657 Oderunt
306 1608 385 1658 natos
404 1606 439 1660 de
457 1605 569 1675 pellice3
587 1621 666 1658 nemo
685 1605 828 1672 repugnet

126 1679 152 1732 N
154 1696 214 1732 erno
233 1683 318 1744 vetet,
337 1680 397 1749 jam
410 1682 470 1750 jam
488 1683 644 1751 privignum
659 1679 788 1735 cecidere
806 1680 848 1732 ias
865 1681 916 1732 est

126 1755 185 1809 Vos
203 1773 261 1824 ego,
278 1757 383 1827 pupilli,
401 1772 506 1825 moneo,
525 1758 626 1828 quibus
644 1757 760 1826 aiirplior
777 1759 822 1809 est
838 1767 892 1824 rer,

126 1831 272 1890 custodite
288 1834 393 1888 animas
411 1838 440 1888 et
458 1835 526 1888 nulli
544 1835 651 1888 credite
669 1849 795 1887 mensae:
951 1839 988 1883 001
1059 1855 1060 1864 ¹

125 1909 223 1963 Livida
240 1914 364 1964 materno
381 1911 491 1966 fervent
509 1911 621 1980 adipata
638 1925 749 1964 ueneno.

125 1984 255 2040 Mordeat
272 1991 337 2042 ente
354 1987 453 2056 aliquis
471 1987 608 2056 quidquid
625 1985 782 2056 porrexerit
798 1983 847 2038 illa

126 2061 202 2126 Quae
219 2063 341 2132 peperit;
359 2065 475 2118 timidus
493 2067 655 2133 praegustet
673 2062 771 2132 pocula
787 2075 900 2130 pappos.

125 2137 269 2206 Fingimus
286 2139 360 2206 llaec,
378 2141 464 2195 cltum
483 2141 569 2195 satire
586 2143 712 2194 sumente
730 2136 903 2204 cothurnum,
985 2209 988 2214 Ι

125 2212 242 2282 Scilicet,
260 2218 291 2269 et
308 2217 390 2270 linem
409 2217 512 2286 egressi
530 2217 675 2286 legemque
691 2215 813 2284 priorem
846 2247 848 2252 ·
950 2229 987 2268 es

125 2290 236 2350 Grande
254 2292 404 2362 Sophocleo
422 2310 532 2347 carmen
551 2293 716 2348 bacchamur
733 2291 820 2357 hiatu,
967 2289 984 2306 '⁸

124 2365 266 2422 Montibus
283 2367 408 2436 ignotum
427 2370 538 2424 Rutulis
554 2369 685 2437 caeloque
704 2367 817 2422 Latino!
842 2402 847 2414 ·

124 2443 184 2498 Nos
201 2445 306 2499 utinam
323 2447 399 2500 vani!
419 2445 470 2499 sed
488 2445 590 2500 elsmat
608 2446 712 2512 Pontia,
731 2443 826 2512 “Feci²

125 2519 273 2588 Confiteor,
291 2523 439 2590 puerisque
457 2521 526 2575 meis
543 2523 653 2576 aconita
670 2520 775 2591 pareri,

125 2596 202 2661 Quae
219 2596 356 2666 deprensa
373 2601 482 2666 patenti
501 2599 606 2652 facinus
624 2603 718 2652 temen
735 2596 796 2664 ipsa
812 2595 932 2665 peregi.'’
949 2611 986 2651 on
1059 2659 1060 2688 ἶ

123 2671 200 2726 Tune
218 2672 366 2743 01101111,
384 2673 543 2728 saevissime
561 2675 662 2743 vipera,
681 2673 783 2727 oeenai

122 2749 200 2802 Tune
218 2748 305 2804 duosl
341 2749 480 2818 “Septem,
498 2751 522 2804 si
539 2755 646 2822 septem
662 2751 735 2804 forte
752 2747 892 2802 luissent''

124 2824 276 2880 Credamus
292 2827 404 2894 tragicis
422 2826 557 2896 quidquid
573 2827 611 2881 'de
630 2825 760 2882 Colchide
777 2839 860 2878 saeva
970 2821 974 2828 '

124 2901 233 2955 Dicitur
250 2905 280 2956 et
298 2903 421 2956 Pmene:
438 2902 476 2955 nil
492 2907 590 2958 contra
607 2919 702 2956 conor:
721 2899 831 2956 stillae

124 2976 248 3030 Grandia
259 2978 387 3030 'monstra
405 2978 461 3030 suis
478 2977 619 3032 audebant
636 2977 823 3048 temporibus;
841 2977 892 3031 scd
947 2991 984 3031 cn

124 3053 150 3106 N
152 3069 188 3105 on
204 3056 319 3120 propter
336 3067 467 3107 nummos
505 3053 596 3108 Minor
613 3053 759 3108 admiratio
775 3054 891 3107 summis
969 3051 972 3070 ²

124 3127 250 3182 Debetur
267 3128 403 3196 monstris,
421 3129 529 3196 quotics
546 3130 613 3184 iacit
629 3131 672 3183 ira
694 3133 839 3182 nocentem

124 3204 208 3259 Η110
225 3219 334 3266 sexum:
352 3203 430 3258 rabie
442 3204 525 3272 jecur
541 3205 706 3260 incendente
723 3205 848 3258 feruutur
