2126 3532
64 95 67 100 ’
131 104 179 158 ιι·
368 108 755 162 n.snu1.1rnvunnms

128 196 187 250 Nos
204 193 278 264 vulgi
296 192 385 251 soclus
402 201 432 251 et
450 199 556 252 cunctis
573 198 699 266 graviora
716 195 871 254 cothurnis.

128 269 956 344 Namscelus,aPyrrhaquanquamamniasynnatavolvas,
980 285 1005 324 so

129 347 228 402 Nullus
246 349 320 418 apud
337 349 456 417 tragicos
473 351 591 420 populus
607 349 682 403 iacit.
720 347 825 418 Accipe
842 352 950 404 nostro

128 423 197 478 Dira
214 425 289 494 quod
306 426 464 495 exemplum
481 427 577 482 feritas
595 424 760 495 produxerit
777 439 853 478 aevo.

120 503 125 531 r
164 501 243 556 Inter
261 502 392 556 finitimos
409 507 489 558 retus
507 507 590 572 atqim
607 501 722 570 antiqua
740 500 877 568 simultas,

128 577 289 632 Immortale
305 577 400 632 odium
418 583 448 633 et
465 593 604 646 nunquam
623 576 744 631 sanabile
762 576 863 630 vulnus

128 654 222 710 Ardet
233 656 330 725 adhuc
344 655 446 710 Ombos
458 659 488 710 et
500 657 625 725 Tentyra
648 654 780 708 Saunmus
791 653 931 722 utrinqne
976 671 1012 709 aa.

129 729 199 785 Inde
218 733 294 786 furor
311 733 392 800 vulgo
410 733 485 802 quod
502 733 614 786 numina
631 731 784 797 vicinorum

87 825 92 834 ι
128 806 246 862 Oditut
214 812 330 878 uterquc
348 809 431 885 locus
450 826 535 878 quum
554 809 624 862 solos
642 807 744 864 eredat
756 794 906 862 habendos

127 883 196 938 Esse
214 884 280 940 deos
299 902 366 955 quos
384 886 444 956 ipse
462 885 533 940 colit
570 884 626 939 Sed
643 887 768 952 tempore
785 883 858 938 festo

128 959 252 1014 Alterius
269 961 362 1050 populi
380 961 512 1032 rapienda
530 961 635 1016 occasio
652 959 760 1014 cunctis

126 1019 219 1090 Visa'
211 1037 380 1092 mimicorum
398 1037 563 1108 primoribus
581 1055 613 1092 aa
631 1037 754 1104 ducibus,
772 1053 807 1092 ne
972 1054 995 1092 ao
1047 1047 1048 1110 1

126 1111 243 1167 Laetum
261 1113 430 1202 hilaremque
448 1115 530 1183 diem,
547 1133 583 1170 ne
600 1130 717 1183 maguae
734 1113 836 1182 gaudia
853 1130 965 1170 coenae

127 1189 195 1244 Sent
183 1190 275 1258 tinent,
292 1191 365 1260 posit
353 1191 444 1244 tedis
460 1192 565 1259 templa
583 1195 612 1246 et
629 1189 750 1260 compita
766 1190 869 1244 mensis

126 1266 311 1334 Pervigilique
329 1270 397 1333 toro,
415 1285 498 1335 quem
516 1272 598 1323 nocte
615 1283 646 1321 ac
663 1266 725 1319 luce
739 1264 881 1333 jacentem
1047 1261 1048 1316 l

128 1343 268 1412 Septimus
285 1343 424 1398 interdum
441 1345 481 1398 sol
499 1344 611 1399 invenit
649 1342 772 1396 Horrida
789 1357 855 1396 sane

128 1419 357 1488 Aegyptus31ed
374 1420 489 1488 luxuria,
507 1423 639 1490 quantum
656 1419 715 1486 ipse
732 1417 831 1485 notavi,
967 1435 991 1474 ιι

83 1487 88 1504 '
133 1495 258 1551 Barbara
274 1497 376 1550 imnoso
393 1513 448 1549 non
466 1497 541 1550 cedit
559 1496 641 1550 turba
659 1494 775 1562 Canopo.

126 1571 211 1626 Adde
230 1571 304 1641 quod
321 1575 351 1626 et
368 1572 454 1626 facilis
472 1573 584 1626 victoria
600 1572 637 1626 de
655 1570 774 1625 madidis
791 1572 821 1624 et

126 1647 232 1703 Blaesis
250 1651 335 1716 atque
352 1665 429 1702 mero
446 1648 638 1703 titubantibus
676 1643 747 1701 Inde
764 1645 886 1706 virorum

127 1724 249 1779 Saltatus
268 1725 346 1792 nigro
364 1725 484 1790 tibicine,
502 1725 702 1795 qualiacunque

126 1800 275 1870 Unguenta
292 1804 322 1854 et
339 1799 420 1854 flores
438 1801 596 1871 multaeque
613 1803 642 1855 in
659 1803 751 1858 fronte
769 1819 894 1871 comune,
963 1819 987 1858 so

126 1877 200 1932 Hinc
214 1875 343 1944 jejunum
361 1876 462 1932 odium
498 1878 553 1933 Sed
567 1877 661 1947 jurgia
678 1879 767 1946 prima
784 1895 882 1934 sonare
1047 1887 1048 1892 ’

125 1952 265 2020 Incipiunt
282 1951 380 2007 animis
397 1953 575 2020 ardentibus;
591 1953 659 2007 haec
677 1953 746 2008 tuba
762 1954 846 2010 rixae.

125 2028 198 2083 Dein
214 2028 333 2083 clamore
351 2030 410 2098 pari
428 2029 606 2095 concurritur,
624 2034 653 2083 et
670 2029 729 2084 vice
746 2029 797 2084 teli

125 2105 218 2160 Saevit
235 2105 311 2158 nuda
327 2123 435 2159 muniis:
454 2122 557 2174 paucae
576 2105 635 2160 sine
655 2106 767 2160 vulnere
784 2105 893 2174 malae;

125 2181 181 2236 Vix
200 2181 327 2250 cuiquam
345 2185 394 2236 aut
412 2183 479 2235 nulli
497 2186 557 2236 toto
576 2183 726 2236 certamine
745 2199 827 2236 nasus
955 2201 980 2239 aa

125 2258 248 2328 Integer.
285 2258 433 2326 Aspiceres
449 2257 509 2326 jam
530 2263 629 2313 cuncta
647 2276 698 2328 per
716 2259 825 2328 aganiua
843 2261 938 2316 vultus

124 2335 268 2402 Dimidios,
288 2335 355 2388 alias
373 2334 458 2389 iacies
477 2338 507 2390 et
525 2336 630 2390 hiantia
649 2336 740 2405 ruptis

125 2411 195 2466 Ossa
213 2411 298 2481 genis,
317 2411 412 2480 plenos
430 2412 571 2466 cadorum
589 2413 721 2481 sangarius
741 2429 855 2483 pugnos.

124 2488 236 2542 Ludere
254 2505 285 2542 se
304 2487 420 2542 creduut
438 2489 491 2558 ipsi
510 2492 604 2543 tamon
623 2493 653 2543 et
671 2490 790 2558 pueriles

124 2565 261 2620 Exercere
279 2564 358 2632 acies,
378 2565 454 2634 quod
472 2565 547 2619 nulla
564 2565 699 2620 cadavera
715 2565 843 2622 calcent:
956 2585 979 2622 oo

125 2641 163 2696 Et
181 2657 249 2695 sane·
265 2657 321 2710 quo
338 2644 382 2694 tot
401 2642 517 2696 rixantis
538 2641 624 2696 millia
642 2643 743 2696 turbae

125 2718 154 2773 Si
172 2717 268 2772 vivum
286 2719 395 2772 amnesi
418 2719 503 2786 surgo
521 2719 611 2772 acrior
628 2718 757 2788 impetus,
773 2719 804 2774 et
817 2717 879 2788 joam

125 2795 197 2850 Saxa
215 2792 357 2848 inclinatis
375 2811 425 2864 per
444 2795 557 2848 humum
577 2796 702 2864 quaesita
721 2794 835 2852 lammis

125 2870 267 2940 Incipiunt
286 2873 421 2939 torquere,
442 2871 592 2926 domestica
609 2871 739 2926 seditioni

124 2946 206 3000 Tela:
226 2963 278 3000 nce
294 2945 365 2998 hunc
376 2947 504 3015 lapidem,
516 2947 612 3016 quales
624 2951 653 3001 ot
665 2947 771 3010 Turnus
782 2950 812 3002 ot
824 2948 906 3018 Ajax,
953 2965 974 3004 ιι

125 3020 179 3074 Vel
198 3037 252 3090 quo
271 3018 390 3088 Tydides
408 3023 544 3090 percussit
562 3023 685 3092 pondere
703 3037 799 3076 coram

126 3097 253 3160 Aeneas3
276 3094 326 3148 sed
345 3113 427 3164 quem
446 3098 556 3152 valeant
576 3098 704 3152 emittere
724 3097 840 3154 dextrae

126 3169 187 3224 'llis
209 3170 354 3226 dissimiles
373 3175 403 3226 et
421 3176 516 3228 uestro
534 3176 659 3242 tempore
678 3173 766 3227 natae.
