2164 3536
115 129 147 184 38
353 128 387 178 D,
404 129 510 179 JUNII
526 129 545 179 J
550 129 738 182 UVENALIS

115 219 233 276 Dicendi
250 233 345 290 genus,
364 210 538 273 orrt'enrtunr
555 233 682 274 sermone
700 221 792 276 rotato

115 299 254 367 Torqueat
269 295 452 364 euthymema
469 311 520 349 nec
538 295 670 350 historias
687 297 756 352 sciat
773 313 888 355 omnes:
938 300 974 368 sio

116 373 172 429 Sed
190 373 326 444 quaedam
344 389 379 426 ex
397 371 475 426 libris
492 375 521 426 et
539 388 594 426 non
612 373 758 442 intelligat.
793 375 850 430 Odi

116 451 198 505 Hanc
214 465 272 518 ego,
291 465 361 518 quoe
379 448 481 518 repetit
498 449 638 518 volvitque
657 449 829 506 Palaemonis
846 454 946 516 artem
964 471 967 478 ¹
1052 521 1053 524 Ἴ

116 528 231 583 Servata
249 541 358 596 semper
373 525 435 594 lege
452 528 481 580 et
498 526 604 580 ratione
622 526 758 597 loquendi,
1052 527 1053 540 ¹

117 604 286 672 ignotosque
303 601 370 656 mibi
388 605 467 656 tenet
484 602 638 672 antiquaria
660 620 762 674 vorsus,

115 681 175 735 Nec
193 679 313 752 curenda
326 679 395 750 piris
411 678 506 749 opicae
523 680 641 750 castig-st
658 679 761 736 amicae
939 697 975 736 aas

116 757 223 828 Verba„
255 755 449 810 Soloecismum
467 755 550 810 liceat
566 757 663 812 iecisse
680 757 786 813 morito.
970 823 973 832 Δ

149 833 197 887 Nil
209 849 269 887 *non
286 832 422 902 permittit
439 832 537 899 mulier
554 832 613 902 sibi,
631 837 712 904 turpe
729 839 810 904 putat
827 835 876 902 nil,

116 910 206 976 Quum
224 909 325 964 virides
343 923 464 977 gemmas
482 909 551 962 collo
569 909 751 965 circumdedit
769 915 799 966 et
816 925 904 982 quum

117 986 239 1040 Auribus
255 986 377 1040 extentis
394 999 507 1054 magnos
525 987 660 1041 commisit
678 987 811 1044 elenchos.

116 1062 321 1117 Intolerabilius
339 1059 406 1116 nibil
424 1064 468 1116 est
485 1079 568 1131 quam
585 1063 688 1118 femine
711 1064 795 1121 dives

116 1139 228 1194 Interea
244 1139 327 1192 foeda
344 1142 456 1207 aspectu
473 1138 645 1210 ridendaque
662 1140 749 1194 multo

116 1215 191 1270 Pane
209 1219 299 1286 tumet
315 1213 405 1284 iacies,
424 1219 473 1270 arnt
489 1215 602 1284 pinguia
620 1217 781 1285 Poppaeana

116 1292 214 1362 Spirat,
233 1296 263 1346 ot
280 1292 344 1346 hine
361 1291 454 1346 miseri
471 1293 611 1346 viscantur
627 1291 704 1346 labra
721 1291 821 1348 mariti.

115 1369 164 1422 Ad
181 1369 326 1423 moechum
342 1367 435 1422 veniet
452 1369 509 1423 lota
525 1373 595 1423 cute.
632 1368 747 1434 Quando
764 1367 853 1424 videri

115 1445 185 1500 Vult
202 1446 321 1499 formose
338 1445 430 1500 domii
449 1446 569 1501 moechis
586 1445 682 1500 folieta
697 1449 845 1515 parantum
937 1460 974 1502 aas

116 1521 169 1575 His
189 1521 291 1575 emitur
309 1521 444 1590 quidquid
461 1522 576 1591 graciles
593 1521 647 1576 hnc
665 1521 776 1576 mittitis
794 1521 866 1578 Indi.

115 1598 238 1652 'landem
256 1598 346 1667 spelit
364 1599 469 1652 vultum
486 1602 515 1653 et
532 1599 649 1652 tectoria
666 1598 755 1668 prima
777 1597 901 1669 reponit:

115 1674 217 1745 Incipit
234 1675 351 1744 agnosci,
370 1678 454 1743 atquo
472 1675 519 1728 illo
535 1675 607 1728 lacte
623 1675 732 1728 fovetur

116 1751 233 1821 Propter
251 1751 325 1824 quod
344 1767 436 1805 secum
453 1751 567 1805 comites
584 1751 678 1806 educit
695 1752 802 1822 asellas,

115 1827 200 1882 Exsul
216 1827 424 1898 Hyperboreum
444 1827 467 1882 si
485 1827 643 1882 dimittatur
659 1827 696 1882 ad
713 1845 800 1884 axem.
934 1843 970 1884 47⁰
1057 1825 1058 1828 ’

114 1905 171 1959 Sed
187 1921 259 1975 quoe
275 1903 389 1958 mutatis
406 1903 545 1958 inducitur
562 1908 647 1974 atque
663 1905 772 1959 fovetur

113 1983 168 2038 Tot
187 1981 414 2037 medicaminibus
431 1983 579 2050 coctaeque
597 1981 711 2049 siliginis
729 1981 796 2038 offas

115 2059 225 2128 Accipit
241 2059 273 2112 ct
290 2055 425 2126 madidae,
443 2057 525 2111 iacies
543 2057 652 2112 dicetur
668 2073 703 2112 an
720 2059 815 2114 ulcusl

149 2135 200 2190 Est
217 2135 337 2205 pretinm
355 2147 435 2188 curas
452 2134 563 2203 penitus
580 2149 745 2203 cognoscere
761 2139 822 2189 toto

115 2212 188 2278 Quid
204 2211 306 2266 iaciant
324 2211 485 2281 agilentque
502 2209 556 2266 die.
593 2210 621 2265 si
638 2215 719 2266 nocte
736 2212 851 2266 maritus
935 2227 971 2269 crs

114 2291 237 2343 Aversus
249 2287 339 2358 jacuit
356 2287 440 2358 periit
457 2287 574 2354 libaria
593 2291 698 2358 ponunt
793 2304 795 2306 ·

114 2365 259 2420 Cosmetae
275 2366 391 2433 tunicae,
408 2363 490 2420 tarde
506 2365 613 2418 venisse
631 2364 769 2420 Liburnus
822 2371 826 2380 “

113 2441 223 2496 Dicitur
240 2445 270 2496 et
287 2457 389 2511 poenas
408 2439 488 2494 alieni
507 2441 630 2510 pondere
648 2441 736 2495 somni

114 2518 241 2588 Cogitur:
259 2517 303 2572 hic
320 2517 426 2586 frangit
442 2516 551 2584 ferulas,
570 2517 652 2571 rubet
668 2517 716 2571 ille
733 2515 849 2586 flagello,

113 2593 168 2648 Hic
186 2595 300 2650 scutica:
319 2597 384 2649 sunt
401 2609 473 2662 quae
490 2593 640 2647 tortoribus
659 2607 750 2662 annno
767 2593 919 2661 praestent.
934 2605 972 2645 cer

113 2671 253 2726 Verberat
270 2675 355 2741 atquo
374 2669 464 2724 obiter
480 2669 579 2724 faciem
597 2669 668 2739 linit,
685 2668 764 2722 audit
780 2667 890 2734 amicas,

114 2748 175 2802 Aut
191 2748 277 2802 latum
295 2749 386 2818 pictae
403 2745 490 2802 restis
508 2747 669 2800 consideret·
681 2761 787 2814 aurum,
825 2769 826 2774 ¹

113 2815 157 2878 Et'
168 2825 273 2891 caedit;
289 2823 364 2893 longi
382 2823 481 2893 relegit
498 2827 653 2878 transversa
672 2821 770 2889 diurni,

113 2902 150 2955 Et
170 2901 261 2968 caedit
279 2901 372 2970 donec,
384 2901 463 2956 lassis
480 2899 664 2966 caedentibus„
684 2895 796 2952 “nsit”

114 2977 227 3031 Intonet
243 2975 411 3030 horrendum
424 2977 484 3045 jam
502 2975 655 3044 cognitione
672 2977 791 3044 peracta
934 2989 973 3028 sss

114 3053 291 3107 Praefectura
308 3053 406 3106 domus
422 3052 512 3106 Sicula
529 3067 584 3105 non
601 3051 695 3104 mitior
712 3050 781 3104 arola.

114 3127 186 3180 illam
203 3129 226 3181 si
243 3128 386 3182 constituit
403 3127 537 3194 solitoque
554 3127 696 3180 decentius
717 3127 795 3194 optat

115 3201 212 3260 amari
229 3205 259 3260 et
276 3205 407 3276 properat
419 3202 535 3274 jamque
553 3203 730 3274 exspectatur
746 3201 777 3255 in
793 3199 882 3257 hortis
976 3231 980 3238 ·
