2126 3532
393 131 527 182 aarum
543 132 622 184 ΧΠ.
866 120 868 126 ’
907 134 938 184 aa

70 217 174 284 Nullis
190 217 251 272 risa
265 233 386 286 unquam
403 217 510 272 meritis
527 219 617 273 minor
634 221 683 274 aut
699 219 825 289 ingratae
902 235 939 276 rea

81 295 171 350 Curta
187 293 258 348 tides
275 293 389 364 patriae.
425 293 574 348 Saturabat
590 295 701 364 glebula
718 295 782 350 talis

81 371 196 426 Patrem
213 370 302 441 ipsum
319 370 485 439 turbamque
502 387 588 440 casae,
607 389 662 441 qua
678 371 736 426 ieta
748 370 863 441 jacebat

80 448 167 516 Uxor,
188 451 218 504 et
235 447 354 502 infantes
371 447 506 503 ludebant
524 451 649 518 quatuor,
666 465 737 502 unus

81 525 213 594 Vemula,
231 528 289 580 tres
307 524 426 590 domini;
450 524 500 580 sed
517 525 622 594 magnis
639 525 772 580 fratribus
787 524 895 596 horum,

80 604 111 658 A
129 601 223 666 scrobe
240 601 285 656 vel
302 601 377 656 sulco
395 601 581 670 redeuntibus,
600 601 694 672 altera
705 619 789 658 coena
902 615 940 658 rm

81 678 210 748 Amplior
227 681 257 734 et
273 678 393 747 grandes
410 677 553 733 fumabant
570 677 695 748 pultibus
712 679 789 734 ellae.

79 753 109 810 N
110 771 163 809 unc
179 755 277 810 modus
294 755 339 810 bic
356 755 416 824 agri
432 759 527 810 nostro
544 771 599 810 nen
616 755 717 811 sufficit
733 755 822 811 horte.

81 831 154 886 inde
170 833 228 887 fere
246 831 380 888 scelerum
398 848 513 898 causae3
533 848 585 886 nec
601 832 681 901 plura
698 849 804 890 venena

80 907 193 964 Miscuit
210 913 260 964 aut
276 909 350 964 ferre
367 913 510 977 grassatur
527 908 637 978 saepius
654 909 741 964 ullum

72 983 229 1040 numanae
245 985 345 1040 mentis
363 985 461 1040 vitium
479 1002 562 1055 quam
579 1001 661 1040 saeva
678 985 778 1056 cupido
903 1001 938 1042 175

80 1059 226 1122 Immedici
243 1078 355 1128 census;
378 1078 442 1116 nam
460 1061 537 1116 dives
556 1061 604 1132 qui
621 1062 682 1118 fieri
699 1063 767 1132 vult,

79 1136 120 1192 Et
137 1138 191 1192 cito
209 1138 268 1196 vult
285 1137 353 1193 fieri.
390 1137 446 1192 Sed
463 1155 534 1207 quae
551 1139 706 1195 reverantia
723 1140 823 1208 legum,

80 1214 148 1280 Quis
166 1219 256 1270 metus
274 1220 323 1270 aut
339 1214 430 1285 pudor
447 1219 491 1270 est
510 1232 631 1284 unquam
652 1217 824 1286 properantis
846 1217 938 1272 ararit

80 1291 198 1346 “Viuite
216 1295 339 1351 contenti
357 1291 454 1346 casulis
473 1295 503 1346 st
520 1291 634 1346 collibus
652 1292 721 1359 istis,

79 1365 230 1438 Opueri‚”
247 1368 357 1424 Marsus
376 1367 486 1422 dicebat
504 1373 534 1422 et
552 1367 691 1422 Hernicus
709 1367 774 1423 olim
901 1382 939 1423 ree

78 1443 268 1513 Vestinusque
286 1461 384 1510 senex3
409 1445 529 1514 “panem
547 1461 711 1513 quaeramus
728 1449 823 1500 aratro

79 1519 136 1584 Qui
153 1520 220 1574 satis
237 1523 281 1576 est
298 1521 412 1576 mensis:
437 1519 552 1574 laudant
569 1519 621 1574 hoc
638 1521 750 1576 numina
766 1522 838 1576 run's

80 1596 203 1662 Quorum
220 1614 273 1667 ope
290 1601 319 1652 et
336 1597 437 1652 auxilio
454 1600 551 1665 gratae
567 1600 631 1666 post
648 1614 747 1652 munus
765 1599 868 1652 aristae

79 1673 250 1743 Contingunt
265 1669 371 1728 'homini
386 1673 488 1728 veteris
504 1671 616 1730 fastidia
633 1691 757 1745 quercus.

78 1749 127 1804 Nil
144 1751 261 1805 vetitum
278 1750 376 1806 fecisse
393 1749 467 1804 volet
485 1767 568 1819 quem
585 1767 640 1805 nen
657 1750 746 1821 pudet
762 1749 820 1807 alin
900 1766 938 1806 raa

78 1828 135 1882 Per
150 1825 265 1896 glaciem
283 1843 386 1898 perone
404 1826 470 1895 tegi,
489 1826 536 1895 qui
554 1831 708 1882 summovet
725 1827 814 1882 Euros

79 1901 203 1960 Pellibus
221 1903 345 1958 inversis.
381 1902 531 1970 Peregrina
547 1902 698 1973 ignotaque
714 1903 794 1958 nobis

78 1980 129 2035 Ad
140 1980 229 2035 scelus
240 1976 421 2049 etquenam,
435 1994 613 2048 quancunque
625 1985 675 2048 est,
687 1996 809 2050 purpura
820 1977 925 2035 ducit.''

78 2056 159 2112 Haec
172 2056 213 2110 illi
230 2060 339 2112 veteres
356 2059 505 2126 praecepta
522 2055 689 2110 minoribus:
713 2060 743 2112 at
760 2073 834 2127 nanc

77 2133 147 2190 Post
164 2133 247 2188 tinem
266 2132 390 2187 autumni
408 2130 500 2186 media
517 2130 553 2185 de
570 2135 651 2188 nocte
669 2133 798 2203 supinum
901 2147 938 2188 rao

78 2210 220 2265 clamosus
233 2207 364 2278 juvenem
382 2211 463 2278 pater
480 2207 599 2268 excitat:
627 2208 747 2278 “Accipe
765 2225 850 2277 ceras,
870 2253 886 2288 0

77 2285 183 2356 Scribe,
200 2303 277 2356 puer,
295 2285 386 2354 vigila,
405 2299 501 2339 causas
517 2301 576 2353 age,
595 2284 706 2354 perlege
723 2285 822 2340 rubras

77 2363 217 2432 Majorum
234 2363 311 2431 leges
328 2367 377 2416 aut
394 2361 480 2416 vitem
495 2377 578 2430 posce
594 2361 694 2416 libello.

77 2439 135 2495 Sed
152 2443 237 2510 caput
254 2439 390 2493 intactum
408 2437 483 2492 buxo
500 2454 636 2508 naresque
654 2438 755 2508 pilosas

77 2517 203 2572 Annotet
221 2519 250 2570 et
267 2514 387 2583 grandes
405 2514 522 2571 miretur
539 2515 649 2570 Laelius
666 2515 730 2570 alas.
901 2530 938 2572 ras

76 2592 164 2646 Dirue
182 2592 343 2647 Maurorum
360 2590 486 2658 attegias,
505 2590 618 2646 castella
636 2591 808 2660 Brigantum,
823 2656 826 2660 ¹

77 2667 119 2722 Ut
135 2667 302 2738 locupletem
320 2666 440 2736 aquilam
458 2663 510 2720 tibi
528 2667 716 2735 sexagesimus
733 2683 821 2722 annus

77 2743 199 2800 Afferat:
223 2747 273 2798 aut
289 2743 385 2812 longos
402 2745 556 2798 castrorum
573 2742 647 2798 ferre
664 2741 772 2798 labores

63 2818 108 2894 *Si
125 2820 203 2890 piget
220 2823 250 2875 at
266 2819 405 2889 trepidum
424 2818 533 2874 solvunt
549 2819 601 2874 tibi
618 2835 720 2874 cornua
737 2822 863 2877 ventrem

35 2917 38 2922 ·
71 2897 148 2952 (lum
165 2897 241 2951 lituis
259 2896 361 2959 audita,
378 2911 458 2964 pares
476 2894 551 2965 quod
568 2894 689 2950 vendere
708 2895 797 2966 possis
900 2911 936 2952 aee

78 2972 169 3028 Pluris
182 2972 309 3042 dimidio,
328 2988 378 3026 nee
395 2975 425 3026 te
443 2972 555 3026 fastidia
572 2971 671 3027 mercis
747 2971 749 2976 '

77 3049 167 3112 Ullius
185 3049 303 3104 subeant
321 3047 492 3116 ablegandae
510 3047 630 3103 Tiberim
647 3048 729 3116 ultra,

78 3127 104 3182 N
105 3143 139 3182 eu
156 3127 254 3182 credas
271 3124 427 3194 ponendum
445 3123 551 3192 aliquid
568 3124 735 3178 discriminis
757 3123 832 3186 inter

78 3204 226 3274 Unguenta
241 3208 272 3258 et
288 3201 400 3260 conum.
435 3199 518 3254 Lucri
536 3199 624 3256 bonus
640 3204 685 3258 est
701 3199 769 3258 eder
786 3217 822 3256 ex
838 3217 871 3260 re
924 3266 927 3270 A
