2126 3532
121 82 173 132 106¹
389 77 423 128 A.
441 77 565 128 PERSII
583 75 715 126 FLAOOI

122 167 313 224 clauderem
330 183 439 222 versum
457 166 555 220 didicit
574 165 755 234 Berecyntius
773 169 864 236 Attis,

122 245 159 300 llt
176 243 223 313 qui
240 242 396 300 caeruleum
413 241 562 296 dirimebat
580 241 606 296 N
609 258 673 298 eree
690 243 824 313 delphiu;

123 320 167 376 Sic
184 322 287 374 costam
304 318 385 386 louge
403 318 584 374 subduximus
603 320 758 389 Apennino.
971 337 997 372 ‘s

122 397 219 450 Aorno
237 396 346 461 virum,
363 411 453 450 nonne
469 393 522 450 hoo
540 412 699 464 spumosum
717 400 747 452 et
758 397 865 451 cortice
877 398 997 467 pingui,

123 471 164 532 Ut
180 473 282 528 ramale
300 476 379 527 vetus
397 471 563 543 praegrandi
581 472 681 528 subere
698 478 806 528 coctum
816 473 845 527 'l”

124 548 260 614 Quidnam
278 549 363 617 igitur
380 552 507 604 tenerum
525 554 554 605 ct
571 549 635 604 laxa
652 550 756 604 cervice
774 549 954 617 legendum?

128 627 220 682 Torva
239 626 437 680 Mimalloneis
456 626 617 694 implerunt
635 643 745 679 corneo
765 627 878 694 ιοιηιιζι,

124 703 162 758 Et
182 710 302 771 replum
322 703 412 758 vitulo
432 710 518 771 capnt
537 703 671 758 ablaturo
689 704 807 770 superbo
960 719 994 758 roo

124 780 264 848 Baesuris,
284 787 310 834 el
331 779 441 846 lyncem
459 779 583 834 Maenas
596 779 716 846 flexura
734 779 885 846 corymbis,

124 857 222 912 Euion
240 857 420 924 ingeminet:
444 857 748 924 repercutiendum
768 855 850 910 Echo.

126 934 202 990 Haec
219 933 319 988 fierent
335 933 359 987 si
376 933 500 988 testiculi
517 949 587 988 vena
605 932 661 986 ulla
677 932 787 1001 paterni

124 1011 237 1066 Viveret
253 1009 282 1064 iu
299 1009 398 1066 uobisi
423 1027 531 1065 summa
549 1009 678 1064 delumbe
695 1009 780 1064 saliva

126 1087 186 1142 Hoc
198 1089 291 1142 natat:
309 1087 339 1140 iu
350 1087 435 1142 labris
447 1092 476 1142 et
487 1089 517 1141 iu
528 1087 584 1141 udo
596 1090 639 1140 est
652 1087 767 1140 Maenas
778 1088 808 1140 et
820 1087 901 1140 Attis
914 1107 923 1152 ς
951 1101 988 1142 10⁵

125 1163 184 1218 Nec
200 1162 325 1234 pluteum
343 1163 436 1218 caedit
454 1181 505 1218 nec
524 1163 665 1216 demorsos
682 1163 757 1230 sapit
771 1179 886 1228 ungues

159 1241 174 1267 “
182 1239 238 1296 Sed
254 1240 322 1309 quid
340 1258 408 1312 opus
426 1245 536 1296 teneras
554 1237 675 1294 mordaci
692 1237 790 1292 radere
808 1253 873 1292 vero

125 1316 289 1372 Auriculasl
313 1317 377 1372 vide
395 1318 432 1372 sis
449 1333 484 1372 ne
501 1315 637 1384 majorum
655 1314 707 1368 tibi
724 1315 797 1370 forte

125 1394 231 1449 Limina
247 1393 412 1463 frigescunt:
436 1397 515 1448 sonat
532 1393 577 1448 hic
594 1393 630 1446 de
647 1409 713 1448 nore
725 1393 820 1446 canina

125 1467 916 1540 Littera’'-Pcrmeequidemsintomniaprotinusalbu3
953 1485 988 1524 uo

125 1546 172 1600 Nil
183 1563 281 1604 moror.
317 1547 395 1616 Euge
406 1551 513 1602 omnes!
533 1562 628 1600 omnes
639 1545 710 1600 bene
722 1544 808 1598 mirac
820 1545 898 1598 eritis
910 1562 966 1601 res.

125 1623 187 1678 Hoc
198 1621 298 1692 juvati
322 1625 410 1692 ‘Hic,’
421 1624 519 1693 inquis,
532 1624 608 1678 ‘veto
621 1623 766 1692 quisquam
778 1622 848 1674 inxit
859 1623 983 1677 oletum!

126 1699 211 1768 Pinge
229 1700 298 1754 duos
316 1719 430 1770 angues:
455 1700 541 1770 pueri,
559 1717 635 1754 sacer
653 1702 696 1754 est
714 1698 798 1764 locus,
816 1701 898 1752 extra

125 1776 238 1843 lliciite;
262 1777 513 1832 discedo-Secuit
526 1777 645 1832 Lucilius
663 1776 768 1844 urbem,

125 1853 164 1912 'lo
184 1853 267 1924 lupe,
284 1857 314 1908 te
332 1855 414 1923 Muci,
433 1857 462 1908 ct
479 1855 627 1922 genuinum
645 1853 729 1921 fregit
746 1854 775 1908 iu
792 1851 859 1908 illis:
949 1867 984 1908 ιιι

126 1929 214 1986 Omne
231 1929 308 1985 vafer
324 1931 421 1986 vitium
438 1930 541 1984 ridenti
559 1930 672 1984 Flaccus
690 1930 782 2008 amico¹

125 2005 232 2074 Tangit,
249 2010 279 2061 et
296 2006 430 2062 admissus
448 2008 551 2062 circum
569 2006 732 2077 praecordia
748 2005 827 2073 ludit,

28 2077 37 2100 '
127 2081 248 2137 Callidus
266 2100 380 2138 excusso
397 2084 530 2154 populum
542 2083 711 2152 suspendere
728 2100 809 2138 uaso:

126 2157 198 2211 Men’
211 2159 311 2214 mutire
323 2160 415 2215 ueiasi
433 2177 485 2215 uec
496 2160 567 2214 clam
578 2177 630 2214 nec
642 2176 705 2214 eum
719 2158 823 2225 scrobe,
835 2174 978 2228 nusquam.

127 2233 181 2296 Hic
198 2236 292 2290 tamen
308 2236 448 2290 infodiam.
484 2236 558 2303 Vidi,
576 2236 632 2291 vidi
649 2237 716 2306 ipse,
733 2236 832 2302 libelle,
945 2253 979 2289 re

127 2310 271 2366 Auriculas
289 2313 372 2368 asini:
390 2313 452 2382 quis
469 2329 524 2366 non
541 2311 644 2368 habeti
679 2312 740 2366 Hoc
758 2327 809 2380 ego
827 2315 960 2380 opertum,
989 2353 992 2362 .

127 2386 189 2440 Hoc
205 2386 296 2442 ridere
313 2405 412 2456 meum,
431 2393 489 2444 tam
506 2389 552 2458 nil,
570 2389 646 2444 nrrlla
663 2387 714 2444 tibi
731 2388 820 2442 vendo

127 2462 222 2520 Iliade.
258 2465 367 2520 Audaci
385 2465 541 2536 qriicunque
557 2465 649 2520 afflato
667 2465 780 2520 Cratino

127 2539 234 2594 iratum
246 2541 410 2612 Eupolidem
428 2542 593 2612 praegrandi
611 2557 673 2596 cum
691 2557 757 2596 sene
774 2540 868 2611 palles,

127 2617 231 2686 Aspice
248 2621 278 2672 et
295 2617 362 2672 haec
381 2619 403 2672 si
421 2619 494 2672 forte
513 2613 616 2688 aliquid
634 2618 773 2674 decoctius
792 2615 875 2672 audis.
940 2631 975 2671 ns
1033 2619 1034 2633 ¹

127 2693 199 2748 Inde
216 2697 349 2764 vaporata
369 2695 456 2750 lector
475 2694 543 2749 mihi
565 2695 670 2750 ferveat
689 2711 764 2762 aure,

127 2769 190 2835 Nou
209 2769 254 2824 bic
272 2771 319 2839 qui
337 2772 366 2825 in
384 2771 510 2842 crepidas
532 2771 676 2826 Graiorum
694 2771 790 2826 ludere
808 2769 896 2838 gestit,
930 2817 935 2835 ,

127 2845 267 2913 Sordidus,
287 2851 316 2902 et
304 2848 411 2902 tlusco
430 2848 478 2917 qul
497 2848 584 2917 possit
572 2847 717 2915 t,disccre
736 2847 840 2913 Lusce;

127 2921 193 2974 Sese
212 2922 329 2990 aliquem
348 2923 463 2978 credens
485 2924 556 2978 Italo
576 2924 651 2992 quod
671 2923 773 2978 honore
791 2923 899 2993 supinus

127 2995 256 3090 Fregerit
274 2995 398 3052 heminas
418 2997 512 3052 Arreti
533 2999 970 3066 aedilis'1niquas;1un¹

177 3071 253 3139 equi
273 3073 357 3126 abaco
376 3091 503 3128 numeros
522 3078 552 3127 et
570 3075 673 3128 scoto
665 3092 693 3128 ιιι
712 3075 825 3143 pulvere
843 3075 971 3132 mem

204 3146 297 3208 risisse
312 3148 396 3215 valer,
415 3149 534 3202 multum
551 3149 673 3217 gundaro
691 3153 805 3218 paratus
