2134 3536
413 85 546 136 SATIRA
562 87 612 137 VI.
665 87 669 94 '
909 92 941 140 29

88 180 125 235 nt
144 177 322 247 segmentatis
341 177 487 232 dormisset
504 177 618 246 parvula
637 177 720 248 cuuis,

87 255 243 312 (lontemsit
261 253 388 322 pelagus:
408 254 509 308 famam
528 257 710 309 contemserat
729 253 802 322 olim,
916 268 942 307 eo

87 331 174 402 Cujus
193 330 381 401 apudmolles
400 329 512 384 minima
532 333 575 384 est
589 329 700 399 jactura
718 330 871 387 cathedras

87 408 242 478 Tyrrhenos
260 406 347 476 igitur
366 406 466 460 fluctus
485 406 597 476 lateque
616 410 758 462 sonantem

88 484 209 540 Pertulit
229 483 337 537 Ionium
356 483 493 538 constanti
513 487 632 553 pectore,
651 484 776 552 quamvis

86 559 254 616 Mutandum
272 559 357 614 toties
376 563 449 614 esset
467 575 550 614 mare.
585 560 669 615 Justa
687 560 784 630 pericli

85 637 117 692 Si
135 635 208 690 ratic
229 638 273 690 est
291 638 321 690 et
339 635 461 704 honesta,
480 636 579 690 timent
596 636 751 706 pavidoque
768 635 896 706 gelantur
917 650 942 690 os

86 712 204 768 Pectore
222 729 273 767 neo
292 712 418 766 tremulis
436 715 551 782 possunt
569 712 695 768 insistere
713 711 829 783 plantis:

86 789 201 844 Fortem
219 790 339 843 animum
356 792 499 859 praestant
516 787 599 844 rebus
615 805 683 858 quas
698 790 819 859 turpiter
830 787 941 843 audent.

86 865 117 921 Si
134 864 234 935 jubeat
253 865 360 934 conjux,
380 867 480 920 durum
499 869 544 920 est
562 865 744 920 conscendere
762 882 876 931 navem;

84 942 164 996 'Iuno
182 941 289 996 sentina
307 942 404 1010 gravis,
424 945 490 997 tunc
509 958 631 997 summus
649 943 768 997 vertitur
787 959 850 997 aer:

59 1055 63 1064 «
86 1019 165 1084 Quae
173 1017 316 1072 moechum
325 1019 450 1088 sequitur
459 1017 598 1074 stomacho
606 1019 687 1074 valet.
706 1019 758 1073 illa
766 1017 895 1072 maritum
905 1031 942 1072 100

86 1094 245 1151 Convomit:
264 1094 332 1148 haec
350 1095 425 1150 inter
442 1099 541 1150 nautas
559 1098 590 1150 et
608 1096 727 1167 prandet
745 1099 775 1150 et
793 1097 868 1150 errat

86 1171 144 1226 Per
162 1187 284 1242 puppem
304 1175 334 1226 et
352 1171 436 1226 duros
454 1172 557 1240 gaudet
575 1175 696 1228 tractare
711 1172 849 1228 rudentes.

86 1248 149 1314 Qua
166 1252 260 1302 tamen
279 1249 382 1303 exarsit
399 1249 494 1317 forma,
513 1265 567 1318 qua
586 1253 667 1319 capta
682 1249 797 1318 juventa

85 1323 210 1394 Hippial
232 1323 299 1392 quid
317 1323 388 1379 vidit
406 1328 521 1395 propter
540 1325 615 1395 quod
632 1325 708 1379 ludia
726 1324 779 1380 dici

86 1399 242 1455 Sustinuiti
263 1416 327 1454 nam
346 1401 483 1468 Sergiolus
497 1400 558 1470 jam
576 1401 674 1456 radere
693 1405 790 1470 guttur
904 1416 940 1458 105

86 1475 224 1546 coeperat
243 1479 273 1530 et
291 1479 365 1531 secto
384 1477 508 1546 requiem
528 1494 641 1547 sperare
658 1476 774 1535 lacerto:

85 1550 236 1624 Praeterea
254 1552 341 1608 multa
359 1553 388 1607 in
406 1553 477 1607 facie
496 1553 637 1620 deformia,
656 1553 727 1608 sicut

86 1627 213 1682 Attritus
231 1628 309 1697 galea
327 1629 481 1698 mediisque
499 1629 528 1684 in
546 1629 659 1684 naribus
676 1629 773 1698 ingens

86 1703 195 1759 Gibbus
214 1708 243 1759 et
262 1721 326 1760 aere
344 1706 445 1760 malum
465 1723 573 1777 semper
592 1706 720 1762 stillantis
738 1706 823 1763 oceli

86 1780 144 1836 Sed
162 1781 299 1850 gladiator
317 1785 391 1838 erat:
410 1783 477 1838 facit
495 1782 547 1838 hoc
565 1783 625 1837 illos
644 1782 826 1852 Hyacinthos3
900 1799 938 1839 nro

85 1857 150 1913 Hoc
168 1857 262 1928 pueris
280 1859 449 1928 patriaeque,
467 1859 520 1914 hoc
537 1858 671 1930 praetulit
689 1859 736 1914 illa
753 1859 839 1914 sorori

85 1934 183 2004 Atque
192 1935 257 1989 viro.
281 1935 398 1990 Ferrum
410 1936 538 2005 estquod
551 1941 651 1992 amant.
675 1937 730 1991 Hie
742 1936 852 2006 Sergius
863 1936 937 1994 idem

86 2013 212 2082 Accepta
230 2011 301 2068 rude
319 2013 455 2083 coepisset
474 2012 591 2068 Veiento
609 2012 704 2067 videri.

120 2087 195 2152 Quid
214 2088 322 2158 privata
340 2088 444 2157 domus,
464 2088 532 2158 quid
549 2089 647 2144 iecerit
668 2087 780 2159 Hippia,
799 2089 895 2144 curasi

85 2163 204 2234 Respice
223 2163 322 2219 rivales
341 2165 486 2220 Diuorum:
508 2165 639 2220 claudius
657 2165 722 2219 audi
901 2180 937 2220 11⁵

86 2242 163 2307 Quae
182 2241 285 2296 tulerit.
322 2242 450 2296 Dormire
467 2241 556 2296 virum
575 2257 660 2310 quum
679 2243 802 2297 senserat
819 2255 896 2309 uxor,

84 2317 163 2370 Ausa
181 2316 306 2372 Palatino
325 2320 447 2387 tegetem
465 2317 605 2388 praeferre
623 2317 713 2386 cubili,

84 2391 199 2447 Sumere
216 2397 363 2448 nocturnos
381 2395 511 2449 meretrix
531 2394 658 2463 Augusta
676 2391 803 2463 cucullos,

84 2467 242 2538 Linquebat
259 2469 359 2526 comite
376 2471 475 2526 ancilla
491 2487 545 2525 non
562 2470 678 2540 amplius
695 2485 763 2525 una:

84 2544 147 2614 Sed,
167 2545 275 2614 nigrum
293 2545 363 2601 flavo
381 2547 483 2602 emnem
500 2547 686 2602 abscondente
702 2546 804 2618 galero,
899 2564 935 2606 12⁰

84 2621 205 2676 Intravit
222 2621 342 2677 calidum
358 2623 447 2678 reteri
464 2630 580 2680 centone
597 2623 719 2694 lupanar,

83 2696 121 2752 Et
138 2697 235 2752 cellam
251 2714 365 2754 vacuam
382 2703 466 2770 atque
484 2717 567 2756 suam.
601 2701 676 2755 'lunc
692 2698 767 2755 nuda
783 2699 892 2771 papillis

83 2773 215 2830 Constitit
232 2776 342 2845 sumtis,
359 2775 471 2832 titulum
488 2775 605 2832 mentita
621 2777 757 2848 Lyciscae,

82 2850 268 2921 Ostenditque
284 2854 372 2921 tunm,
390 2869 522 2922 generose
540 2853 704 2923 Britannice,
720 2855 854 2912 ventem.

81 2926 201 2997 Excepit
217 2927 319 2982 blanda
335 2929 469 2984 intrantes
486 2933 570 3001 atque
587 2947 652 2985 aera
668 2930 800 3001 poposcit,
896 2947 932 2989 rat

81 3002 120 3058 lit
137 3003 265 3072 resupina
278 3003 374 3074 jacens
391 3006 540 3062 multorum
557 3006 698 3062 absorbuit
714 3006 794 3064 ictus

81 3078 156 3148 Mox,
174 3080 271 3135 lenone
289 3097 351 3136 suas
363 3081 423 3152 jam
442 3083 599 3138 dimittente
615 3083 726 3154 puellas,

81 3155 178 3212 'histis
195 3156 262 3229 abit,
281 3161 311 3214 et
328 3158 403 3229 quod
420 3160 511 3230 potuit
528 3163 621 3216 tamen
637 3159 736 3218 ultima
751 3159 847 3218 cellam
