2126 3532
376 133 507 184 sarias
524 135 572 184 IV.
592 135 626 184 V..
697 175 699 182 .
879 137 926 188 113

60 222 124 292 Qui
144 223 312 295 quandoque
327 221 426 292 jugum
446 223 560 291 pertusa
578 220 614 274 ad
632 225 753 294 compita
771 223 841 293 figll,

63 301 192 356 Seriolae
210 303 333 354 veterem
353 302 479 353 metuens
497 297 634 352 deradere
654 299 748 353 limum

66 377 201 446 Ingemit,
215 375 293 430 ‘Hoc
303 375 375 431 bene
386 377 441 431 sitl'
454 376 682 430 iunioaium'oum
695 376 751 431 sale
762 377 893 431 mordens
904 392 928 429 ao

68 455 163 524 anpe
182 456 220 520 et,
239 453 370 507 farratam
389 453 482 523 pueris
499 452 696 522 plaudeniibus
716 452 805 520 ollam,

67 530 224 585 Pannosam
243 529 349 586 faecem
369 529 509 584 morientis
528 529 624 584 sorbes
645 531 756 584 aoeai‘l''
815 595 817 601 s

66 610 111 662 Al
131 607 155 660 si
174 608 272 660 unctus
291 622 382 660 cesses
400 611 429 662 ei
448 607 517 676 ligas
535 606 564 660 in
583 608 648 661 aule
665 607 760 674 solem,

67 684 122 738 Est
140 697 228 753 prope
247 685 277 736 te
296 683 406 750 ignotus
425 682 518 738 cubito
535 682 586 752 qui
604 685 709 752 tangat,
727 686 758 737 ei
775 699 838 736 acre
918 713 921 719 -

67 761 196 829 Despuai
216 758 245 812 in
264 775 361 827 mores,
381 774 539 829 penemque
554 775 707 829 arcanaque
725 759 811 813 lumbi
905 776 929 812 aa

69 837 246 891 Runcaniem
266 837 367 906 populo
386 839 540 891 marcentes
559 835 681 906 pandere
699 836 809 890 vulvas:

68 914 135 967 “Tu
155 929 217 968 cum
235 913 354 967 maxillis
372 913 531 968 balanatum
550 929 672 982 gausape
690 916 793 982 pectas,

68 990 236 1059 Inguinibus
254 1006 340 1058 qnare
357 990 488 1044 detonsus
506 989 633 1059 gurgulio
652 991 748 1044 exuti

68 1067 201 1136 Quinque
217 1065 395 1136 palaestritae
413 1066 479 1122 licei
496 1065 565 1121 haec
583 1065 722 1136 plantaria
739 1063 849 1134 vellant,

68 1143 219 1212 illinesque
236 1145 315 1196 nates
333 1141 501 1196 labefactent
519 1138 621 1210 forcipe
640 1142 753 1210 adunca,
905 1157 929 1194 lc
1008 1147 1010 1151 ’

67 1221 95 1274 N
97 1235 132 1274 on
152 1223 246 1274 tamen
264 1219 318 1274 ista
336 1219 395 1272 filix
414 1219 469 1274 ullo
484 1219 661 1274 mansuescit·
673 1219 790 1272 aratro?

106 1295 253 1352 Caedimus
271 1295 354 1364 inque
374 1295 462 1350 vicem
479 1294 644 1366 praebemus
665 1307 746 1350 crura
765 1295 879 1362 sagittis.
923 1307 925 1314 ’

66 1373 181 1427 Vivitur
199 1371 251 1426 hoc
269 1375 368 1442 paci03
391 1371 431 1426 sic
449 1371 580 1426 novimus.
617 1371 671 1425 ilia
689 1371 786 1426 subter
851 1397 852 1401 ¹

68 1451 190 1505 Caecum
209 1449 308 1503 vulnus
326 1448 426 1514 habes;
450 1447 500 1502 sed
518 1447 575 1504 laio
596 1447 704 1502 balieus
723 1463 791 1502 auro

68 1525 228 1594 Praeiegit:
252 1529 285 1580 ui
303 1525 397 1593 mavis,
415 1525 452 1579 da
469 1523 553 1579 verba
573 1527 603 1579 ei
623 1524 720 1594 decipe
738 1535 837 1580 nervos
901 1513 928 1578 ιὲ

68 1604 100 1658 Si
119 1607 203 1670 potes
241 1601 415 1670 “Egregium
435 1617 498 1656 cum
518 1617 563 1656 me
581 1601 682 1656 vicima
701 1601 812 1656 dicat

69 1680 135 1734 Non
153 1671 297 1734 credaml’'
331 1678 439 1734 Viso
418 1695 442 1732 sa
459 1678 552 1749 palles,
571 1677 704 1750 improbe,
725 1681 882 1746 numma'

69 1757 102 1810 Si
120 1755 185 1809 facis
203 1755 232 1810 in
250 1771 350 1825 penem
369 1755 502 1826 quicquid
521 1754 574 1811 tibi
594 1757 672 1812 venii
690 1772 823 1824 amarum,

69 1833 100 1887 Si
121 1831 219 1886 Puteal
238 1833 326 1886 mulia
345 1836 442 1887 cautla
461 1832 548 1886 vibice
567 1833 698 1903 flagellas,

70 1909 261 1977 Nequicquarn
281 1908 382 1978 populo
402 1907 510 1962 bibulas
531 1908 675 1964 donaveris
694 1927 781 1966 aures.
905 1929 929 1966 co

71 1986 182 2052 Respuc
203 1984 279 2053 quod
296 2001 350 2037 non
367 2000 415 2050 ea;¹
436 1984 516 2038 tollat
534 2001 584 2038 sua
603 2001 717 2040 munera
736 1988 833 2051 cerd03

70 2061 174 2114 Tecum
191 2059 292 2126 habita,
312 2061 385 2114 nens
406 2077 488 2127 quarn
508 2060 545 2116 eit
563 2060 616 2114 libi
632 2065 712 2114 curia
729 2063 859 2128 supellex.

395 2387 541 2449 SATIRA
563 2387 599 2449 Va

71 2519 200 2586 Vicinus
216 2521 261 2577 lale
277 2535 337 2577 mos
354 2528 405 2592 eal,
422 2529 534 2580 emtum
551 2519 604 2580 sibi
618 2536 733 2596 poscere
750 2541 837 2592 voces,

73 2601 191 2656 (lentum
209 2615 258 2654 ora
274 2603 304 2655 ei
322 2600 429 2669 linguas
447 2605 545 2670 optare
563 2602 592 2656 in
611 2602 732 2657 carmina
750 2606 868 2669 canaam,

73 2677 178 2730 Fabula
195 2693 245 2732 scu
256 2681 363 2732 messio
379 2681 498 2746 ponatur
514 2679 618 2733 hianda
634 2679 775 2746 tragoedo
888 2738 890 2743 ,

74 2753 195 2807 Vulnera
212 2770 261 2808 seu
280 2753 377 2810 Parthi
395 2754 522 2810 ducentia
539 2755 599 2809 ab
591 2755 704 2824 rnguine
722 2755 832 2808 ferrum.

73 2827 229 2892 ‘Quorsum
246 2830 332 2888 haecl
351 2835 400 2887 aul
417 2836 533 2901 quantas
549 2831 657 2886 robusti
674 2831 804 2886 carminis
819 2829 886 2884 offas
916 2845 927 2882 5

76 2904 189 2973 Ingenia,
205 2910 238 2962 ut
255 2921 306 2977 par
323 2909 360 2964 sit
377 2913 492 2964 centeno
509 2912 623 2978 gulture
640 2903 708 2964 nltll
932 2915 935 2924 “

72 2980 185 3036 Grande
202 2983 319 3039 locuturi
336 2985 450 3040 nebulas
469 2984 603 3040 Helicone
620 2983 740 3054 legunto,

76 3059 105 3112 Si
123 3058 221 3127 quibus
238 3064 286 3114 aui
304 3061 426 3128 Prognes
444 3063 494 3116 aui
510 3061 533 3116 ai
551 3061 650 3130 quibus
668 3063 722 3117 olla
739 3061 873 3132 Thyestae

75 3135 212 3202 Fervebil,
230 3152 311 3204 saepe
327 3137 429 3191 insulso
447 3137 588 3192 coenanda
606 3137 727 3206 Glyconi.

76 3209 116 3264 'lu
132 3226 219 3278 neque
233 3211 376 3266 ,anhelwti
394 3211 520 3282 coquitur
537 3212 604 3268 dum
622 3229 712 3268 massa
728 3215 833 3270 camino
904 3229 927 3266 lo

145 3301 200 3342 cuv.
750 3345 754 3352 ,
844 3307 856 3345 ι
