2164 3536
409 138 543 188 saman
558 137 642 188 XIII.
923 139 956 190 79

95 229 201 298 Magna
219 226 339 298 quidem,
356 227 441 282 saeris
459 243 529 296 quae
546 227 597 282 dat
614 228 762 298 praesepis
777 225 886 296 libellis,

95 305 209 360 Victrix
226 305 352 358 fortunae
368 304 518 373 sapientia:
536 300 662 358 ducimus
680 308 773 358 autem
929 317 955 357 ao

96 381 160 436 Hos
179 397 287 450 quoque
307 381 400 436 feliees
418 381 466 451 qni
482 381 556 436 ferre
574 379 746 435 inoommoda
765 379 840 436 vitae

96 459 125 514 N
127 474 159 514 ee
173 457 283 528 jactare
299 457 399 526 jngnm
417 459 475 513 vita
493 457 615 512 didicere
632 457 772 526 magistra

98 537 177 602 Quae
194 538 252 590 tam
269 535 341 589 festa
360 535 418 590 dies
436 539 470 589 ut
487 538 578 590 cesset
594 533 713 604 predere
731 534 829 604 finem,

98 609 257 680 Perfidiam,
274 611 393 680 fraudes,
412 615 497 680 etque
515 613 589 666 omni
607 629 640 666 ex
660 610 773 666 erimine
789 611 895 666 luomm

98 688 269 757 Quaesitum,
288 691 318 742 et
334 690 429 758 partos
448 689 540 758 gladio
558 689 603 744 vel
622 687 725 758 pyxide
742 687 884 742 nummosi
926 699 955 740 eo

99 765 168 820 Rari
185 765 286 834 quippe
305 764 383 820 boni:
402 781 531 820 numerus
552 766 597 820 rix
616 768 660 820 est
676 763 794 820 totidem
811 765 880 832 quot

98 841 254 896 Thebarum
271 845 369 910 portae
386 843 429 896 vel
447 842 540 897 divitis
559 842 629 896 ostia
645 841 671 896 N
673 841 709 896 ili.

98 917 127 972 N
127 934 180 972 ona
198 920 274 972 aetas
292 918 383 986 egitur
400 918 552 989 pejoraque
570 919 661 974 secula
678 917 744 973 feni

98 993 285 1063 Temporibus,
305 1012 421 1064 quorum
443 997 538 1051 seeleri
555 1013 610 1050 non
627 995 731 1050 invenlt
748 994 810 1064 ipsa

98 1071 206 1125 Nomen
224 1073 255 1126 et
273 1072 381 1126 anullo
398 1073 489 1142 posuit
505 1076 605 1127 natma
621 1071 740 1128 metallo.

98 1147 157 1202 Nos
175 1147 315 1202 hominnm
334 1148 484 1220 diuumque
501 1149 585 1204 fidem
604 1149 721 1204 elamore
739 1147 851 1216 eiemus,

100 1225 209 1290 Quanto
229 1224 386 1280 Faesidium
404 1225 500 1280 laudat
517 1225 617 1280 vocalis
635 1228 762 1294 agentem

98 1299 235 1370 Sportula
273 1301 333 1368 Dio,
353 1301 535 1356 senior-bulla
552 1301 718 1371 dignissime,
736 1300 825 1356 neseis

100 1375 174 1440 Quas
191 1377 294 1432 habeat
312 1377 436 1433 Veneres
451 1379 542 1433 aliena
559 1379 693 1448 peeunial
717 1377 805 1434 neseis

9 1459 11 1464 '
99 1452 189 1518 Quem
205 1457 256 1508 tua
275 1454 434 1524 simplicitas
451 1455 536 1510 risum
555 1455 637 1524 vulgo
656 1457 773 1520 moveat
790 1467 876 1524 quum
925 1465 954 1536 Ι35

98 1529 194 1598 Exigis
213 1547 230 1585 a
248 1547 387 1601 qusrquam
405 1549 441 1586 ne
458 1531 573 1601 pejeret,
593 1535 622 1586 et
639 1535 720 1602 putet
738 1532 800 1586 ullis

99 1607 168 1661 Esse
186 1607 296 1676 aliquod
315 1623 416 1663 numen
434 1610 545 1678 templis
564 1625 682 1678 araeque
702 1607 827 1664 rubentil

19 1689 21 1697 “
100 1683 244 1749 Quondam
264 1684 315 1738 hoo
334 1685 480 1755 indigenae
499 1685 628 1740 vivebant
645 1701 729 1755 more,
746 1685 904 1756 priusquam

100 1758 226 1814 Sumeret
246 1763 382 1829 agrestem
401 1763 490 1830 posito
509 1762 665 1816 diademate
683 1763 780 1818 faleem

98 1835 233 1892 Saturnus
252 1837 369 1908 lugiens,
386 1841 454 1894 tune
473 1855 559 1909 quum
577 1839 735 1909 virguncula
751 1839 826 1894 luno
929 1851 955 1892 so

99 1913 138 1968 Et
157 1915 281 1984 privatus
303 1913 392 1972 adhue
412 1915 504 1970 idaeis
522 1915 654 1986 luppiter
672 1915 768 1984 antris,

99 1991 183 2047 Nulla
202 2005 285 2062 saper
301 1991 390 2046 nubes
408 1992 531 2048 eonvivia
549 1992 743 2062 melioobtrum

99 2069 159 2124 Neo
178 2085 255 2137 puer¹
266 2069 376 2136 Iliacus,
391 2069 513 2122 semesa
531 2085 583 2122 nee
602 2068 729 2124 Heroulis
746 2081 817 2123 nxer

100 2140 148 2199 'Ad
167 2139 285 2214 eyet'hos
306 2145 412 2213 etjam
433 2145 533 2199 sioeato
551 2147 663 2200 neetme
681 2149 792 2214 tergens

99 2219 217 2276 Brwhia
236 2219 377 2275 Vulcanus
391 2221 528 2291 Lipsraea
544 2223 624 2290 nigra
641 2223 764 2277 taberna.
935 2229 960 2280 ἢ

99 2296 258 2352 Prandebat
275 2297 329 2352 sibi
348 2299 464 2368 quisquo
482 2287 560 2365 desid,
577 2314 628 2352 neo
646 2299 729 2353 turba
747 2297 864 2354 deornm

99 2371 172 2427 'lalis
191 2375 223 2428 nt
242 2376 285 2428 est
304 2374 393 2442 hodie,
411 2377 594 2444 eontentaque
612 2374 705 2429 sidera
722 2375 817 2444 paneis

99 2448 264 2504 Numinibus
282 2451 412 2504 miserum
428 2449 566 2520 urgebant
584 2451 701 2506 Atlanta
717 2451 817 2506 minori
907 2462 910 2467 '

70 2570 73 2576 .
100 2525 238 2598 Pondere¹
263 2525 398 2580 blondum
411 2527 513 2596 :aliquis
532 2528 648 2582 sortitus
661 2528 748 2583 triste
766 2526 896 2598 profundi

101 2602 251 2672 Imperium
269 2606 323 2657 aut
340 2603 434 2658 Sicula
446 2608 546 2658 torum
565 2620 628 2658 enm
646 2603 762 2736 (affuge
780 2604 897 2670 Pluton3
930 2619 955 2660 eo
1061 2603 1063 2608 ’

100 2679 159 2734 Nec
177 2682 246 2748 nota
263 2679 446 2748 nae‘lluriae,
463 2693 515 2735 nee
533 2691 629 2736 saxum
647 2698 683 2736 au
715 2681 832 2736 wrltmis
849 2681 905 2736 etsi

101 2755 208 2822 Poena3
230 2755 326 2810 sedin
378 2757 396 2800 ,·
427 2755 530 2812 hilares
550 2757 610 2812 sine
628 2757 742 2827 regibus
758 2757 884 2815 emesae
953 2768 958 2790 '¹

101 2831 268 2901 Improbitas
286 2832 305 2886 il
384 2834 389 2846 '
423 2834 591 2890 admirabilis
609 2851 682 2890 aevo

102 2907 259 2964 Credebant
277 2909 328 2964 boe
380 2910 453 2965 ande
473 2911 551 2965 netes
567 2915 597 2966 et
614 2914 704 2966 morte
724 2911 863 2983 plendm,

101 2983 130 3040 si
143 2983 254 3054 juvenis
273 2987 365 3042 vetulo
382 3003 438 3042 non
458 2991 645 3042 esmrrexerst
663 2991 694 3042 et
706 2989 735 3042 si
933 2999 959 3048 ⁵⁶.

98 3060 223 3117 ¹Barbeto
242 3061 393 3132 eniennque
413 3079 491 3134 puer,
512 3064 579 3119 lieet
595 3063 656 3134 ipse
674 3063 792 3120 videret.
957 3083 958 3090 ¹

102 3135 185 3190 Plura
204 3136 278 3192 darni
296 3137 374 3207 linga
392 3143 422 3194 et
442 3139 560 3208 majores
580 3139 688 3208 glmdis
704 3151 825 3198 aeerros.

102 3211 168 3266 'lam
186 3213 341 3270 remeabile
363 3217 425 3271 erat
438 3215 612 3294 praeoedere·
623 3217 743 3287 adamar
759 3219 845 3290 ermis,
