2164 3536
341 113 344 118 ·
403 117 535 170 sarran
553 119 617 170 vn.
727 87 729 91 ’
921 121 958 174 ss

93 205 162 277 Quis
178 207 256 265 locus
274 202 391 277 ingenio,
407 208 459 260 nisi
477 223 561 276 quum
577 224 610 264 ,se
626 206 751 262 carmine·
763 207 822 263 solo
856 226 860 236 ·
955 253 958 262 ,

92 286 207 340 Vexent
224 289 253 338 et
271 283 387 338 dominis
405 283 520 338 Cirrhae
538 283 682 352 Nysaeque
699 283 827 338 feruutur

91 361 212 417 Pectora'
225 363 325 425 restra,
342 359 412 414 duas
428 377 483 414 non
501 360 678 414 admittentia
696 361 794 416 curasl
919 375 952 416 as
973 381 975 386 ·

91 437 212 506 Magnae
229 435 329 491 mentis
346 453 416 506 opus
433 452 484 490 nec
502 435 538 490 do
554 435 642 490 lodice
660 435 784 505 paranda
805 469 806 474 κ

91 513 249 581 Attonitae,
268 529 363 566 currus
382 515 411 566 et
427 527 513 580 equos
529 511 667 581 faciesque
686 512 799 568 deorum
954 551 955 560 ι

90 588 226 659 Aspicere
244 592 274 643 et
291 587 379 657 qualis
398 584 531 659 Rutulum
549 587 698 642 confundat
716 588 843 659 Erinnys.
947 589 948 594 ’

90 664 164 720 Nam
182 665 205 720 si
223 665 341 734 Virgilio
357 681 428 734 puer
446 669 475 720 et
492 664 637 720 tolerabile
655 664 763 720 deesset

90 740 259 811 Hospitium,
277 741 408 798 caderent
428 758 522 797 omnes
537 758 555 796 a
571 740 689 796 crinibus
706 738 794 810 hydri,
925 754 954 796 ra

91 817 185 872 Surda
201 817 268 871 nihil
286 823 410 886 gemeret
426 835 511 888 grave
528 817 650 872 buccina
686 816 826 871 Poscimus
843 819 875 872 ut
891 815 929 872 sit

89 893 117 948 N
119 910 155 948 cn
172 893 261 948 minor
278 895 391 963 antiquo
410 895 557 950 Rubrenus
575 894 670 964 Lappa
687 893 828 962 cothurno,

91 969 180 1041 Cuius
198 973 230 1024 et
244 969 363 1024 alveolos
380 975 411 1026 et
428 971 536 1026 laenam
552 969 680 1039 pignerat
698 971 810 1024 Atreus.

88 1045 153 1100 Non
170 1045 255 1100 habet
273 1046 367 1100 infelix
386 1048 516 1102 Numitor
533 1045 608 1130 quod
625 1047 720 1100 mittat
737 1039 841 1112 ιιιιιίιιοςΙ

89 1121 240 1186 Quintillae
258 1122 334 1191 quod
351 1123 436 1178 donet
454 1123 552 1188 habet;
569 1125 619 1176 nec
638 1121 726 1176 defuit
743 1120 784 1174 illi
923 1133 950 1182 ιι

88 1197 173 1252 Unde
191 1202 296 1267 emeret
314 1199 401 1254 multa
418 1199 586 1269 pascendum
604 1213 685 1252 carae
702 1197 809 1252 leonem

87 1273 156 1328 Jam
173 1273 321 1329 domitum:
345 1279 453 1330 constat
470 1275 566 1329 leviori
583 1273 673 1328 bellua
691 1275 784 1328 sumtu

87 1349 233 1418 Nimirum,
252 1355 281 1405 ct
298 1351 409 1421 capiunt
426 1351 489 1422 plus
505 1350 637 1406 intestina
654 1353 759 1419 poetae.

89 1426 244 1481 Contentus
260 1427 333 1482 fama
347 1427 442 1495 jaceat
455 1428 586 1482 Lucanus
603 1426 632 1480 iu
650 1424 738 1480 hortis

85 1501 264 1558 Marmoreis:
288 1507 318 1557 at
331 1504 452 1564 Sanane
469 1499 601 1572 tenuique
619 1501 708 1558 Saleio
920 1516 946 1560 sa

86 1577 184 1632 Gloria
201 1579 372 1648 quantalibet
390 1580 457 1649 quid
474 1580 535 1647 erit,
554 1579 577 1634 si
594 1578 683 1648 gloria
698 1579 807 1632 tantum
824 1579 883 1634 esti
943 1643 947 1646 ,

86 1654 215 1710 Curritur
232 1655 269 1710 ad
286 1671 380 1711 vocem
393 1655 546 1724 jucundam
564 1661 594 1711 et
611 1671 721 1710 carmen
737 1654 842 1710 amicae
945 1707 948 1726 1

85 1729 250 1799 Thebaidos,
268 1731 370 1786 laetam
386 1733 453 1787 fecit
470 1749 556 1802 quum
573 1732 678 1787 Statius
696 1729 803 1786 Urbem

86 1806 271 1876 Promisitque
289 1808 371 1863 diem.
408 1808 496 1864 Tanta
513 1808 660 1864 dulcedine
677 1809 772 1875 captes

84 1882 183 1938 afficit
199 1883 246 1938 ille
263 1884 367 1938 animos
384 1888 517 1954 tantaque
535 1884 648 1940 libidine
665 1881 740 1951 vulgi
919 1897 947 1956 ιι

85 1957 223 2014 Auditur:
242 1958 293 2014 sed
310 1977 395 2030 quum
411 1961 495 2029 fregit
512 1960 642 2014 subsellia
658 1975 739 2013 versu

85 2035 188 2104 lisurit,
206 2035 339 2090 intectam
358 2036 452 2091 Paridi
469 2037 520 2090 nisi
538 2035 641 2092 vendat
660 2037 786 2104 Agaven.

89 2111 141 2166 llle
158 2114 188 2166 et
204 2111 320 2167 militiae
337 2113 432 2166 multis
449 2111 566 2181 largitur
582 2112 720 2180 honorem,

87 2186 221 2242 Semestri
237 2187 332 2243 'vatum
350 2188 452 2257 digitos
469 2187 639 2256 circumligat
657 2203 729 2242 auro.
814 2196 816 2200 ’

85 2263 168 2330 Quod
182 2281 237 2318 nou
254 2264 322 2320 dant
336 2281 463 2334 proceres
479 2263 557 2319 dabit
571 2263 682 2320 histrio:
698 2267 731 2320 tu
743 2263 901 2320 Camerinos
918 2279 945 2320 ιο

85 2341 124 2396 Et
141 2341 253 2406 Bareas,
269 2344 303 2396 tu
318 2341 450 2396 nobilium
467 2357 566 2410 magua
583 2339 654 2395 atria
670 2342 767 2396 ourasl

86 2417 245 2472 Praefectos
263 2417 383 2487 Pelopea
399 2418 474 2480 facit,
493 2416 644 2472 Philomela
658 2416 790 2474 tribunos.
941 2486 943 2490 .

87 2492 173 2547 Haud
189 2497 283 2548 tamen
300 2493 423 2550 invideas
440 2494 504 2562 vati,
524 2509 605 2564 quem
622 2493 730 2563 pulpita
746 2497 868 2563 pascunt.
941 2562 942 2567 ἵ

85 2568 154 2635 Quis
171 2568 225 2625 tibi
242 2569 405 2626 Maecenasi
423 2571 486 2640 quis
502 2587 574 2625 nunc
592 2569 646 2626 crit
663 2573 712 2624 aut
730 2569 886 2625 Proculeius
939 2599 942 2610 ·

85 2647 146 2700 Aut
158 2645 278 2702 Pabiusl
296 2647 358 2736 quis
370 2647 459 2702 Cotta
463 2648 579 2704 iteruml
593 2645 654 2717 quis
666 2645 800 2700 Lentulus
811 2646 899 2702 alteri
917 2662 942 2718 ιι

85 2723 162 2777 Tunc
178 2739 230 2793 par
244 2723 355 2812 ingenio
372 2728 435 2794 pret
435 2725 507 2790 ium;
524 2729 591 2779 tunc
608 2723 675 2780 utile
692 2723 786 2780 multis

85 2798 193 2854 Pallere
210 2801 240 2854 et
256 2799 348 2854 vinum
365 2804 426 2856 toto
442 2801 547 2856 nescire
565 2798 716 2856 Decembri.

119 2874 234 2930 Vester
238 2892 322 2946 porro
339 2875 416 2930 labor
433 2877 582 2945 fecundior,
599 2875 772 2930 historiamm

85 2951 256 3021 Scriptores?
273 2953 346 3022 petit
362 2953 406 3007 hic
423 2953 485 3023 plus
502 2953 635 3023 temporis
652 2955 736 3022 atque
753 2952 806 3008 olei
822 2951 900 3023 plus:

84 3027 214 3098 Namque
231 3028 318 3084 oblite
335 3029 409 3084 modi
426 3029 569 3086 millesima
585 3029 685 3099 pagiua
701 3029 790 3098 surgit
904 3044 940 3086 100

85 3103 221 3160 Omnibus
238 3108 268 3160 et
285 3105 372 3160 multa
389 3105 488 3160 crescit
505 3105 635 3161 damnosa
651 3123 797 3176 papyro.

85 3179 156 3237 sie·
147 3197 245 3250 ingens
262 3198 354 3240 rerum
371 3197 501 3238 numerus
514 3182 597 3252 jubet
614 3187 698 3253 atque
716 3200 828 3254 operum
845 3183 936 3264 lex.
1006 3236 1009 3241 .
