2164 3536
422 146 555 198 samus
570 145 621 198 VI.
714 154 717 158 '
916 149 947 200 41

129 237 209 294 Haec
225 239 320 294 tamen
336 235 444 305 ignorat
462 234 530 304 quid
547 235 622 289 sidus
638 234 719 292 triste
735 235 857 293 minetur

92 315 215 382 Saturni,
232 329 287 383 quo
304 313 378 368 lacta
396 313 489 366 Venus
506 329 536 366 se
553 311 675 382 proferat
692 315 775 377 astro,
913 325 951 368 ero

95 390 149 456 Qui
167 390 267 445 mensis
285 389 399 455 damnis,
418 403 489 458 quae
506 387 608 442 dentu'r
625 391 751 458 ternpore
768 388 857 446 lucro:

95 467 173 522 Illius
189 482 316 521 ooeursrm
334 465 417 519 etiam
435 463 523 518 vitare
540 467 687 532 memento,

95 543 131 598 In
147 542 226 612 cnjus
242 540 377 609 manibus,
396 557 447 595 ceu
464 540 577 610 pinguia
595 540 697 608 sucina,
714 539 797 596 tritas

95 619 192 675 Cernis
209 616 414 687 ephemeridem
431 633 501 687 quse
518 617 624 670 nullum
642 617 759 672 consulit
777 615 881 686 etjam

96 694 272 760 Consulitur3
288 709 359 763 quae
376 697 468 748 castra
484 693 543 748 riro
560 693 732 762 patriamque
749 697 864 762 petente
916 707 953 750 ⁵75

96 771 160 826 Non
175 769 226 826 ibit
243 770 355 841 pariter,
373 770 494 824 numeris
511 773 639 824 revocata
657 769 797 840 Thrasylli.

97 847 146 902 Ad
162 846 282 918 primum
301 845 420 915 lapidem
438 845 542 900 vectari
560 861 645 918 quum¹
664 845 763 914 placet,
781 845 850 905 hora

97 924 222 980 Sumitur
239 939 274 977 ex
291 923 376 989 libro;
400 922 424 976 si
442 923 533 992 prurit
549 922 648 976 frictus
668 921 747 978 ocelli
819 959 823 970 ‹

97 1000 233 1070 Angelus,
250 1000 376 1068 inspecta
392 999 487 1068 genesi
504 999 615 1069 collyria
631 999 728 1070 poscit.

97 1080 192 1146 Aegra
208 1076 275 1130 licet
286 1075 389 1144 jaceat,
408 1075 541 1145 capiendo
558 1075 634 1130 nulla
652 1075 764 1132 ¹ridetur
822 1126 827 1138 ,
917 1090 956 1132 teo

98 1153 202 1222 Aptior
218 1151 286 1206 hora
303 1151 365 1206 cibo
382 1151 435 1206 nisi
453 1167 535 1220 quam
553 1151 664 1207 dederit
682 1152 822 1209 Petosiris
965 1163 971 1180 ¹

97 1229 128 1284 Si
145 1227 292 1286 mediocris
309 1227 371 1295 erit,
390 1227 509 1297 spatium
527 1227 657 1284 lustrabit
674 1229 805 1299 utrinque
912 1283 914 1286 .

98 1306 238 1361 Metamm
256 1309 286 1359 et
302 1309 392 1360 sortes
410 1304 494 1359 ducet
510 1305 685 1374 frontemque
701 1319 868 1375 manumque

99 1380 248 1438 Praebebit
266 1381 323 1436 rati
341 1381 467 1436 crebrum
485 1395 633 1450 poppysma
649 1381 766 1450 roganti.

97 1456 238 1514 Divitibus
255 1474 389 1528 responsa
406 1456 512 1512 dabunt
531 1457 622 1526 Phryx
641 1474 728 1527 augin
745 1461 775 1514 et
796 1457 884 1514 Indus
918 1467 956 1514 sss

98 1534 267 1601 Conductum,
285 1533 364 1588 dabit
381 1537 518 1588 astrorum
535 1533 686 1602 mundique
702 1534 810 1603 peritus

98 1613 197 1680 Atque
213 1609 312 1679 aliquis
330 1610 420 1667 senior
437 1609 484 1678 qui
501 1609 611 1680 publica
626 1610 735 1680 fulgura
752 1611 857 1667 condit:

99 1685 243 1744 Plebaium
260 1687 288 1740 in
307 1685 385 1741 Circo
402 1686 523 1756 positum
541 1690 585 1742 est
601 1687 632 1742 et
648 1686 677 1742 in
694 1703 796 1757 aggere
812 1689 909 1746 fatum.

100 1762 178 1828 Quae
194 1762 276 1834 nudis
293 1761 405 1830 longum
423 1761 545 1817 ostendit
563 1762 715 1818 cervicibus
731 1778 837 1834 eurum,

99 1838 226 1895 Consulit
244 1842 309 1899 ante
326 1837 421 1908 phalas
439 1837 683 1909 delphinorumque
704 1840 852 1909 columnus,
920 1853 960 1896 tes

99 1915 147 1969 An
165 1931 232 1984 saga
247 1913 378 1968 vendenti
394 1913 482 1968 nubat
500 1930 620 1984 caupone
637 1915 741 1970 relicto.

135 1991 199 2046 Hae
215 1995 309 2046 tamen
327 1993 357 2044 et
368 1994 464 2060 partus
482 1989 602 2046 subeunt
619 1991 766 2048 discrimen
782 1993 813 2048 et
830 2006 924 2048 omnes

100 2065 227 2122 Nutricis
243 2065 363 2121 tolerant
381 2065 490 2120 fortuna
507 2069 624 2134 ingente
641 2067 763 2128 labores:

101 2143 159 2198 Sed
171 2141 249 2212 jacet
267 2146 363 2198 aurato
381 2141 428 2194 vix
445 2141 502 2196 ulla
518 2159 657 2212 puerpera
673 2143 752 2200 lecto.
782 2153 785 2163 ·

98 2220 219 2276 'lantum
236 2221 312 2274 artos
329 2217 419 2287 hujus,
437 2222 545 2272 tantum
564 2218 743 2274 medicamina
758 2223 879 2291 possunt
920 2235 957 2276 see

100 2301 178 2366 Quae
196 2298 304 2354 steriles
321 2297 389 2354 lacit
406 2300 490 2366 atque
507 2297 630 2352 homines
647 2297 676 2352 in
693 2303 789 2354 ventre
806 2300 944 2360 necandos

100 2375 246 2432 Conducit
283 2373 387 2441 Gaude,
406 2373 509 2441 infelix,
527 2377 612 2443 atque
629 2374 688 2443 ipse
703 2373 854 2431 bibendum

102 2452 225 2520 Porrige,
242 2449 381 2520 quidquid
398 2450 465 2505 erit:
484 2467 547 2504 nam
564 2450 588 2505 si
606 2450 765 2508 distendere
782 2451 866 2514 vellet

100 2529 140 2584 nt
156 2543 257 2582 vexare
275 2531 385 2582 uterum
402 2526 496 2596 pneris
513 2525 680 2595 salientibus,
698 2543 774 2584 esses

101 2603 246 2674 Aethiopis
263 2603 380 2658 fortasse
397 2607 491 2673 pater:
509 2619 573 2658 mox
591 2603 701 2658 decolor
718 2603 799 2660 heres
922 2621 960 2664 um

101 2680 237 2750 Implcret
254 2679 370 2747 tabulas,
387 2695 528 2748 nunquam
545 2678 598 2734 tibi
615 2695 695 2735 mane
711 2680 853 2740 videndus

133 2756 257 2811 rl'rsnseo
274 2756 430 2825 suppositos
448 2763 478 2812 et
493 2755 594 2824 gaudio
609 2759 728 2828 votaque
743 2774 828 2827 saepe

101 2832 152 2888 Ad
168 2849 281 2902 spurcos
297 2832 415 2902 decepta
432 2833 509 2888 lacus
525 2837 610 2903 atque
626 2833 692 2888 inde
709 2834 811 2904 petitos

101 2909 258 2976 Pontifices,
276 2908 370 2977 Salios,
389 2909 552 2964 Scaurorum
570 2909 679 2966 nomina
697 2910 765 2965 falso

102 2987 225 3056 Corpore
242 2985 352 3041 laturos
388 2986 452 3042 Stat
470 2986 594 3041 Fortuna
609 2987 735 3058 improba
748 2989 832 3042 noctu
923 3001 962 3045 eos

103 3062 241 3118 Arridens
256 3061 338 3116 nudis
356 3061 513 3117 infantibus.
550 3063 610 3117 Hos
628 3063 704 3120 fovet
725 3059 831 3120 omnes¹

104 3138 279 3208 Involvitque
296 3139 372 3194 sinu:
390 3139 518 3193 domibus
534 3142 600 3194 tunc
617 3141 734 3210 porrigit
751 3140 822 3210 altis,
850 3197 853 3205 ,

101 3214 304 3288 Secretumque
320 3213 373 3270 sibi
390 3214 506 3272 mimum
522 3217 609 3286 parat.
645 3216 705 3276 Hos
721 3219 805 3288 amat,
821 3215 866 3272 his
881 3232 914 3278 so
956 3265 962 3272 .
