<?xml version="1.0" encoding="UTF-8"?>
<!DOCTYPE html PUBLIC "-//W3C//DTD XHTML 1.0 Transitional//EN"
    "http://www.w3.org/TR/xhtml1/DTD/xhtml1-transitional.dtd">
<html xmlns="http://www.w3.org/1999/xhtml" xml:lang="en" lang="en">
 <head>
  <title>
</title>
<meta http-equiv="Content-Type" content="text/html;charset=utf-8" />
  <meta name='ocr-system' content='tesseract 3.04.00' />
  <meta name='ocr-capabilities' content='ocr_page ocr_carea ocr_par ocr_line ocrx_word'/>
</head>
<body>
  <div class='ocr_page' id='page_1' title='image "./deciijuniijuven01persgoog_0109.png"; bbox 0 0 2164 3536; ppageno 0'>
   <div class='ocr_carea' id='block_1_1' title="bbox 126 63 744 162">
    <p class='ocr_par' dir='ltr' id='par_1_1' title="bbox 126 63 744 162">
     <span class='ocr_line' id='line_1_1' title="bbox 126 63 744 162; baseline 0 -4"><span class='ocrx_word' id='word_1_1' title='bbox 126 110 157 158; x_wconf 79' lang='lat'><strong>60</strong></span> <span class='ocrx_word' id='word_1_2' title='bbox 360 63 521 162; x_wconf 26' lang='lat' dir='ltr'><strong>D.¹.JUNII</strong></span> <span class='ocrx_word' id='word_1_3' title='bbox 536 104 744 158; x_wconf 81' lang='lat' dir='ltr'><strong>JUVENALIS</strong></span> 
     </span>
    </p>
   </div>
   <div class='ocr_carea' id='block_1_2' title="bbox 111 194 1063 3162">
    <p class='ocr_par' dir='ltr' id='par_1_2' title="bbox 113 194 1063 2006">
     <span class='ocr_line' id='line_1_2' title="bbox 123 194 1063 268; baseline 0.002 -20"><span class='ocrx_word' id='word_1_4' title='bbox 123 194 218 248; x_wconf 87' lang='lat' dir='ltr'><strong>Vanus</strong></span> <span class='ocrx_word' id='word_1_5' title='bbox 235 195 266 248; x_wconf 88' lang='lat' dir='ltr'><strong>et</strong></span> <span class='ocrx_word' id='word_1_6' title='bbox 283 194 414 262; x_wconf 73' lang='lat' dir='ltr'><strong>ungara</strong></span> <span class='ocrx_word' id='word_1_7' title='bbox 430 195 604 265; x_wconf 83' lang='lat' dir='ltr'><strong>quantumvis</strong></span> <span class='ocrx_word' id='word_1_8' title='bbox 620 195 727 252; x_wconf 88' lang='lat' dir='ltr'><strong>mollior</strong></span> <span class='ocrx_word' id='word_1_9' title='bbox 743 213 828 268; x_wconf 74' lang='lat' dir='ltr'><strong>agna3</strong></span> <span class='ocrx_word' id='word_1_10' title='bbox 961 215 984 255; x_wconf 82' lang='lat' dir='ltr'><strong>rr</strong></span> <span class='ocrx_word' id='word_1_11' title='bbox 1062 201 1063 250; x_wconf 76' lang='lat' dir='ltr'><strong>l</strong></span> 
     </span>
     <span class='ocr_line' id='line_1_3' title="bbox 124 269 853 342; baseline 0.004 -17"><span class='ocrx_word' id='word_1_12' title='bbox 124 269 153 325; x_wconf 87' lang='lat' dir='ltr'><strong>Si</strong></span> <span class='ocrx_word' id='word_1_13' title='bbox 169 273 295 326; x_wconf 88' lang='lat' dir='ltr'><strong>tenerum</strong></span> <span class='ocrx_word' id='word_1_14' title='bbox 312 270 426 328; x_wconf 82' lang='lat' dir='ltr'><strong>attritus</strong></span> <span class='ocrx_word' id='word_1_15' title='bbox 444 271 585 328; x_wconf 71' lang='lat' dir='ltr'>Catinensi</span> <span class='ocrx_word' id='word_1_16' title='bbox 601 271 711 342; x_wconf 78' lang='lat' dir='ltr'><strong>pumice</strong></span> <span class='ocrx_word' id='word_1_17' title='bbox 727 271 853 330; x_wconf 89' lang='lat' dir='ltr'><strong>lumbum</strong></span> 
     </span>
     <span class='ocr_line' id='line_1_4' title="bbox 123 345 786 418; baseline 0.003 -16"><span class='ocrx_word' id='word_1_18' title='bbox 123 345 286 416; x_wconf 70' lang='lat' dir='ltr'><strong>Squmentes</strong></span> <span class='ocrx_word' id='word_1_19' title='bbox 304 346 426 404; x_wconf 59' lang='grc' dir='ltr'><strong>Μυσὴ</strong></span> <span class='ocrx_word' id='word_1_20' title='bbox 442 363 515 415; x_wconf 87' lang='lat' dir='ltr'><strong>avos,</strong></span> <span class='ocrx_word' id='word_1_21' title='bbox 527 350 672 418; x_wconf 89' lang='lat' dir='ltr'><strong>emtorque</strong></span> <span class='ocrx_word' id='word_1_22' title='bbox 688 349 786 404; x_wconf 80' lang='lat' dir='ltr'><strong>veneni</strong></span> 
     </span>
     <span class='ocr_line' id='line_1_5' title="bbox 123 422 854 494; baseline 0.01 -18"><span class='ocrx_word' id='word_1_23' title='bbox 123 422 287 492; x_wconf 78' lang='lat' dir='ltr'><strong>Frangenda</strong></span> <span class='ocrx_word' id='word_1_24' title='bbox 303 422 432 478; x_wconf 84' lang='lat' dir='ltr'><strong>miseram</strong></span> <span class='ocrx_word' id='word_1_25' title='bbox 448 422 573 480; x_wconf 77' lang='lat' dir='ltr'><strong>funestat</strong></span> <span class='ocrx_word' id='word_1_26' title='bbox 588 422 707 492; x_wconf 76' lang='lat' dir='ltr'><strong>imagine</strong></span> <span class='ocrx_word' id='word_1_27' title='bbox 723 428 854 494; x_wconf 86' lang='lat' dir='ltr'><strong>genteml</strong></span> 
     </span>
     <span class='ocr_line' id='line_1_6' title="bbox 121 499 785 574; baseline 0.006 -20"><span class='ocrx_word' id='word_1_28' title='bbox 121 499 191 554; x_wconf 81' lang='lat' dir='ltr'><strong>&#39;lota</strong></span> <span class='ocrx_word' id='word_1_29' title='bbox 207 499 273 554; x_wconf 86' lang='lat' dir='ltr'><strong>lieet</strong></span> <span class='ocrx_word' id='word_1_30' title='bbox 290 503 397 554; x_wconf 85' lang='lat' dir='ltr'><strong>veteres</strong></span> <span class='ocrx_word' id='word_1_31' title='bbox 415 501 550 554; x_wconf 77' lang='lat' dir='ltr'><strong>exornent</strong></span> <span class='ocrx_word' id='word_1_32' title='bbox 566 499 689 574; x_wconf 84' lang='lat' dir='ltr'><strong>undique</strong></span> <span class='ocrx_word' id='word_1_33' title='bbox 706 517 785 558; x_wconf 83' lang='lat' dir='ltr'><strong>cerae</strong></span> 
     </span>
     <span class='ocr_line' id='line_1_7' title="bbox 122 574 981 644; baseline 0.008 -15"><span class='ocrx_word' id='word_1_34' title='bbox 122 575 212 642; x_wconf 84' lang='lat' dir='ltr'><strong>Atria,</strong></span> <span class='ocrx_word' id='word_1_35' title='bbox 229 575 359 630; x_wconf 75' lang='lat' dir='ltr'><strong>nobilitas</strong></span> <span class='ocrx_word' id='word_1_36' title='bbox 376 574 434 630; x_wconf 86' lang='lat' dir='ltr'><strong>sola</strong></span> <span class='ocrx_word' id='word_1_37' title='bbox 452 577 495 630; x_wconf 89' lang='lat' dir='ltr'><strong>est</strong></span> <span class='ocrx_word' id='word_1_38' title='bbox 512 577 597 644; x_wconf 84' lang='lat' dir='ltr'><strong>atque</strong></span> <span class='ocrx_word' id='word_1_39' title='bbox 614 576 694 632; x_wconf 81' lang='lat' dir='ltr'><strong>unies</strong></span> <span class='ocrx_word' id='word_1_40' title='bbox 711 576 805 634; x_wconf 82' lang='lat' dir='ltr'><strong>virtus</strong></span> <span class='ocrx_word' id='word_1_41' title='bbox 958 595 981 636; x_wconf 83' lang='lat' dir='ltr'><strong>ao</strong></span> 
     </span>
     <span class='ocr_line' id='line_1_8' title="bbox 122 649 828 719; baseline 0.007 -15"><span class='ocrx_word' id='word_1_42' title='bbox 122 650 232 705; x_wconf 82' lang='lat' dir='ltr'><strong>Paullus</strong></span> <span class='ocrx_word' id='word_1_43' title='bbox 249 651 293 706; x_wconf 82' lang='lat' dir='ltr'><strong>rel</strong></span> <span class='ocrx_word' id='word_1_44' title='bbox 310 651 410 708; x_wconf 76' lang='lat' dir='ltr'><strong>(lessus</strong></span> <span class='ocrx_word' id='word_1_45' title='bbox 427 649 472 706; x_wconf 87' lang='lat' dir='ltr'><strong>vel</strong></span> <span class='ocrx_word' id='word_1_46' title='bbox 489 651 595 706; x_wconf 81' lang='lat' dir='ltr'><strong>Drusus</strong></span> <span class='ocrx_word' id='word_1_47' title='bbox 611 652 733 708; x_wconf 84' lang='lat' dir='ltr'><strong>moribus</strong></span> <span class='ocrx_word' id='word_1_48' title='bbox 751 658 828 719; x_wconf 86' lang='lat' dir='ltr'><strong>esto;</strong></span> 
     </span>
     <span class='ocr_line' id='line_1_9' title="bbox 121 727 768 798; baseline 0.008 -16"><span class='ocrx_word' id='word_1_49' title='bbox 121 727 182 782; x_wconf 81' lang='lat' dir='ltr'><strong>Hos</strong></span> <span class='ocrx_word' id='word_1_50' title='bbox 198 730 264 782; x_wconf 89' lang='lat' dir='ltr'><strong>ante</strong></span> <span class='ocrx_word' id='word_1_51' title='bbox 281 727 384 796; x_wconf 83' lang='lat' dir='ltr'><strong>effigies</strong></span> <span class='ocrx_word' id='word_1_52' title='bbox 400 727 536 797; x_wconf 74' lang='lat' dir='ltr'><strong>maiorum</strong></span> <span class='ocrx_word' id='word_1_53' title='bbox 553 744 625 798; x_wconf 92' lang='lat' dir='ltr'><strong>pone</strong></span> <span class='ocrx_word' id='word_1_54' title='bbox 642 731 768 797; x_wconf 81' lang='lat' dir='ltr'><strong>tuorum3</strong></span> 
     </span>
     <span class='ocr_line' id='line_1_10' title="bbox 120 802 735 874; baseline 0.002 -15"><span class='ocrx_word' id='word_1_55' title='bbox 120 803 292 860; x_wconf 83' lang='lat' dir='ltr'><strong>Praecedant</strong></span> <span class='ocrx_word' id='word_1_56' title='bbox 308 803 383 873; x_wconf 84' lang='lat' dir='ltr'><strong>ipsas</strong></span> <span class='ocrx_word' id='word_1_57' title='bbox 398 802 438 860; x_wconf 90' lang='lat' dir='ltr'><strong>illi</strong></span> <span class='ocrx_word' id='word_1_58' title='bbox 455 807 485 860; x_wconf 87' lang='lat' dir='ltr'><strong>te</strong></span> <span class='ocrx_word' id='word_1_59' title='bbox 503 803 620 860; x_wconf 79' lang='lat' dir='ltr'><strong>Consule</strong></span> <span class='ocrx_word' id='word_1_60' title='bbox 636 804 735 874; x_wconf 81' lang='lat' dir='ltr'><strong>virgas</strong></span> 
     </span>
     <span class='ocr_line' id='line_1_11' title="bbox 120 878 854 940; baseline 0.008 -6"><span class='ocrx_word' id='word_1_61' title='bbox 120 880 215 936; x_wconf 87' lang='lat' dir='ltr'><strong>Prima</strong></span> <span class='ocrx_word' id='word_1_62' title='bbox 230 879 298 936; x_wconf 89' lang='lat' dir='ltr'><strong>mihi</strong></span> <span class='ocrx_word' id='word_1_63' title='bbox 315 878 401 934; x_wconf 85' lang='lat' dir='ltr'><strong>debes</strong></span> <span class='ocrx_word' id='word_1_64' title='bbox 418 879 503 934; x_wconf 89' lang='lat' dir='ltr'><strong>animi</strong></span> <span class='ocrx_word' id='word_1_65' title='bbox 520 879 604 936; x_wconf 84' lang='lat' dir='ltr'><strong>bons:</strong></span> <span class='ocrx_word' id='word_1_66' title='bbox 629 885 740 938; x_wconf 70' lang='lat' dir='ltr'><strong>sanetius</strong></span> <span class='ocrx_word' id='word_1_67' title='bbox 757 882 854 940; x_wconf 87' lang='lat' dir='ltr'><strong>haberi</strong></span> 
     </span>
     <span class='ocr_line' id='line_1_12' title="bbox 119 955 978 1028; baseline 0.009 -18"><span class='ocrx_word' id='word_1_68' title='bbox 119 958 139 1010; x_wconf 90' lang='lat' dir='ltr'><strong>J</strong></span> <span class='ocrx_word' id='word_1_69' title='bbox 139 957 307 1026; x_wconf 88' lang='lat' dir='ltr'><strong>ustitiaeque</strong></span> <span class='ocrx_word' id='word_1_70' title='bbox 324 959 409 1012; x_wconf 83' lang='lat' dir='ltr'><strong>tenax</strong></span> <span class='ocrx_word' id='word_1_71' title='bbox 425 955 508 1011; x_wconf 83' lang='lat' dir='ltr'><strong>factis</strong></span> <span class='ocrx_word' id='word_1_72' title='bbox 525 955 662 1026; x_wconf 77' lang='lat' dir='ltr'><strong>dictisque</strong></span> <span class='ocrx_word' id='word_1_73' title='bbox 678 959 799 1028; x_wconf 84' lang='lat' dir='ltr'><strong>mereris,</strong></span> <span class='ocrx_word' id='word_1_74' title='bbox 954 979 978 1018; x_wconf 78' lang='lat' dir='ltr'><strong>aa</strong></span> 
     </span>
     <span class='ocr_line' id='line_1_13' title="bbox 119 1031 821 1103; baseline 0.006 -17"><span class='ocrx_word' id='word_1_75' title='bbox 119 1033 248 1103; x_wconf 84' lang='lat' dir='ltr'><strong>Agnosco</strong></span> <span class='ocrx_word' id='word_1_76' title='bbox 265 1047 416 1103; x_wconf 85' lang='lat' dir='ltr'><strong>prooerem.</strong></span> <span class='ocrx_word' id='word_1_77' title='bbox 451 1031 538 1100; x_wconf 83' lang='lat' dir='ltr'><strong>Salve,</strong></span> <span class='ocrx_word' id='word_1_78' title='bbox 558 1031 709 1102; x_wconf 82' lang='lat' dir='ltr'><strong>Gaetulice,</strong></span> <span class='ocrx_word' id='word_1_79' title='bbox 727 1051 776 1090; x_wconf 82' lang='lat' dir='ltr'><strong>seu</strong></span> <span class='ocrx_word' id='word_1_80' title='bbox 791 1038 821 1090; x_wconf 88' lang='lat' dir='ltr'><strong>tu</strong></span> 
     </span>
     <span class='ocr_line' id='line_1_14' title="bbox 119 1107 794 1178; baseline 0.003 -14"><span class='ocrx_word' id='word_1_81' title='bbox 119 1109 234 1178; x_wconf 87' lang='lat' dir='ltr'><strong>Silanus,</strong></span> <span class='ocrx_word' id='word_1_82' title='bbox 253 1123 415 1178; x_wconf 88' lang='lat' dir='ltr'><strong>quoeunque</strong></span> <span class='ocrx_word' id='word_1_83' title='bbox 433 1107 488 1163; x_wconf 91' lang='lat' dir='ltr'><strong>alio</strong></span> <span class='ocrx_word' id='word_1_84' title='bbox 505 1108 541 1164; x_wconf 87' lang='lat' dir='ltr'><strong>de</strong></span> <span class='ocrx_word' id='word_1_85' title='bbox 559 1109 697 1178; x_wconf 87' lang='lat' dir='ltr'><strong>sanguine,</strong></span> <span class='ocrx_word' id='word_1_86' title='bbox 716 1127 794 1166; x_wconf 76' lang='lat' dir='ltr'><strong>ranis</strong></span> 
     </span>
     <span class='ocr_line' id='line_1_15' title="bbox 119 1184 775 1254; baseline 0 -12"><span class='ocrx_word' id='word_1_87' title='bbox 119 1185 192 1242; x_wconf 81' lang='lat' dir='ltr'><strong>Civis</strong></span> <span class='ocrx_word' id='word_1_88' title='bbox 210 1189 240 1242; x_wconf 91' lang='lat' dir='ltr'><strong>et</strong></span> <span class='ocrx_word' id='word_1_89' title='bbox 258 1184 384 1254; x_wconf 87' lang='lat' dir='ltr'><strong>egregius</strong></span> <span class='ocrx_word' id='word_1_90' title='bbox 401 1184 508 1254; x_wconf 83' lang='lat' dir='ltr'><strong>patriae</strong></span> <span class='ocrx_word' id='word_1_91' title='bbox 526 1184 660 1254; x_wconf 83' lang='lat' dir='ltr'><strong>eontingis</strong></span> <span class='ocrx_word' id='word_1_92' title='bbox 678 1187 775 1242; x_wconf 81' lang='lat' dir='ltr'><strong>ovanti.</strong></span> 
     </span>
     <span class='ocr_line' id='line_1_16' title="bbox 118 1260 801 1332; baseline 0.004 -16"><span class='ocrx_word' id='word_1_93' title='bbox 118 1263 280 1318; x_wconf 74' lang='lat' dir='ltr'><strong>Exclamare</strong></span> <span class='ocrx_word' id='word_1_94' title='bbox 296 1261 366 1318; x_wconf 90' lang='lat' dir='ltr'><strong>libet</strong></span> <span class='ocrx_word' id='word_1_95' title='bbox 383 1261 499 1332; x_wconf 90' lang='lat' dir='ltr'><strong>populus</strong></span> <span class='ocrx_word' id='word_1_96' title='bbox 517 1260 593 1330; x_wconf 90' lang='lat' dir='ltr'><strong>quod</strong></span> <span class='ocrx_word' id='word_1_97' title='bbox 609 1261 710 1316; x_wconf 86' lang='lat' dir='ltr'><strong>elamet</strong></span> <span class='ocrx_word' id='word_1_98' title='bbox 728 1261 801 1320; x_wconf 90' lang='lat' dir='ltr'><strong>Osiri</strong></span> 
     </span>
     <span class='ocr_line' id='line_1_17' title="bbox 117 1337 976 1412; baseline 0.007 -20"><span class='ocrx_word' id='word_1_99' title='bbox 117 1339 242 1394; x_wconf 86' lang='lat' dir='ltr'><strong>Invento.</strong></span> <span class='ocrx_word' id='word_1_100' title='bbox 277 1339 346 1406; x_wconf 83' lang='lat' dir='ltr'><strong>Quis</strong></span> <span class='ocrx_word' id='word_1_101' title='bbox 363 1337 436 1392; x_wconf 88' lang='lat' dir='ltr'><strong>enim</strong></span> <span class='ocrx_word' id='word_1_102' title='bbox 452 1353 614 1406; x_wconf 85' lang='lat' dir='ltr'><strong>generosum</strong></span> <span class='ocrx_word' id='word_1_103' title='bbox 632 1337 736 1394; x_wconf 88' lang='lat' dir='ltr'><strong>dixerit</strong></span> <span class='ocrx_word' id='word_1_104' title='bbox 752 1338 824 1396; x_wconf 89' lang='lat' dir='ltr'><strong>hune</strong></span> <span class='ocrx_word' id='word_1_105' title='bbox 843 1342 892 1412; x_wconf 90' lang='lat' dir='ltr'><strong>qui</strong></span> <span class='ocrx_word' id='word_1_106' title='bbox 951 1359 976 1400; x_wconf 81' lang='lat' dir='ltr'><strong>ao</strong></span> 
     </span>
     <span class='ocr_line' id='line_1_18' title="bbox 119 1412 829 1485; baseline 0.003 -17"><span class='ocrx_word' id='word_1_107' title='bbox 119 1414 253 1485; x_wconf 88' lang='lat' dir='ltr'><strong>Indignus</strong></span> <span class='ocrx_word' id='word_1_108' title='bbox 270 1431 372 1484; x_wconf 88' lang='lat' dir='ltr'><strong>genere</strong></span> <span class='ocrx_word' id='word_1_109' title='bbox 389 1417 419 1470; x_wconf 85' lang='lat' dir='ltr'><strong>et</strong></span> <span class='ocrx_word' id='word_1_110' title='bbox 435 1412 577 1483; x_wconf 78' lang='lat' dir='ltr'><strong>praeclaro</strong></span> <span class='ocrx_word' id='word_1_111' title='bbox 594 1413 704 1468; x_wconf 89' lang='lat' dir='ltr'><strong>nomine</strong></span> <span class='ocrx_word' id='word_1_112' title='bbox 721 1417 829 1470; x_wconf 84' lang='lat' dir='ltr'><strong>tantum</strong></span> 
     </span>
     <span class='ocr_line' id='line_1_19' title="bbox 117 1489 844 1561; baseline 0.003 -17"><span class='ocrx_word' id='word_1_113' title='bbox 117 1490 252 1560; x_wconf 83' lang='lat' dir='ltr'><strong>Insignisl</strong></span> <span class='ocrx_word' id='word_1_114' title='bbox 287 1491 397 1546; x_wconf 81' lang='lat' dir='ltr'><strong>Nouum</strong></span> <span class='ocrx_word' id='word_1_115' title='bbox 414 1489 558 1559; x_wconf 86' lang='lat' dir='ltr'><strong>eujusdam</strong></span> <span class='ocrx_word' id='word_1_116' title='bbox 576 1489 693 1544; x_wconf 87' lang='lat' dir='ltr'><strong>Atlanta</strong></span> <span class='ocrx_word' id='word_1_117' title='bbox 710 1507 844 1561; x_wconf 84' lang='lat' dir='ltr'><strong>vocamus,</strong></span> 
     </span>
     <span class='ocr_line' id='line_1_20' title="bbox 117 1567 903 1638; baseline 0.009 -17"><span class='ocrx_word' id='word_1_118' title='bbox 117 1567 281 1637; x_wconf 86' lang='lat' dir='ltr'><strong>Aethiopem</strong></span> <span class='ocrx_word' id='word_1_119' title='bbox 299 1583 423 1636; x_wconf 74' lang='lat' dir='ltr'><strong>cygnum,</strong></span> <span class='ocrx_word' id='word_1_120' title='bbox 439 1583 553 1636; x_wconf 78' lang='lat' dir='ltr'><strong>pravam</strong></span> <span class='ocrx_word' id='word_1_121' title='bbox 570 1568 765 1637; x_wconf 82' lang='lat' dir='ltr'><strong>extortamque</strong></span> <span class='ocrx_word' id='word_1_122' title='bbox 782 1569 903 1638; x_wconf 84' lang='lat' dir='ltr'><strong>puellam</strong></span> 
     </span>
     <span class='ocr_line' id='line_1_21' title="bbox 116 1641 877 1714; baseline 0.005 -18"><span class='ocrx_word' id='word_1_123' title='bbox 116 1643 258 1714; x_wconf 78' lang='lat' dir='ltr'><strong>lluropen3</strong></span> <span class='ocrx_word' id='word_1_124' title='bbox 281 1643 395 1700; x_wconf 80' lang='lat' dir='ltr'><strong>oauibut</strong></span> <span class='ocrx_word' id='word_1_125' title='bbox 410 1642 495 1714; x_wconf 84' lang='lat' dir='ltr'><strong>pigris</strong></span> <span class='ocrx_word' id='word_1_126' title='bbox 513 1641 659 1712; x_wconf 84' lang='lat' dir='ltr'><strong>eeabieque</strong></span> <span class='ocrx_word' id='word_1_127' title='bbox 675 1646 787 1700; x_wconf 81' lang='lat' dir='ltr'><strong>vetusta</strong></span> <span class='ocrx_word' id='word_1_128' title='bbox 874 1695 877 1700; x_wconf 79' lang='grc'>,</span> 
     </span>
     <span class='ocr_line' id='line_1_22' title="bbox 116 1719 795 1778; baseline 0.006 -5"><span class='ocrx_word' id='word_1_129' title='bbox 116 1719 234 1774; x_wconf 80' lang='lat' dir='ltr'><strong>Levibus</strong></span> <span class='ocrx_word' id='word_1_130' title='bbox 252 1722 281 1777; x_wconf 89' lang='lat' dir='ltr'><strong>et</strong></span> <span class='ocrx_word' id='word_1_131' title='bbox 297 1721 385 1778; x_wconf 84' lang='lat' dir='ltr'><strong>sieeae</strong></span> <span class='ocrx_word' id='word_1_132' title='bbox 401 1719 587 1778; x_wconf 82' lang='lat' dir='ltr'><strong>lambentibus</strong></span> <span class='ocrx_word' id='word_1_133' title='bbox 604 1735 653 1774; x_wconf 87' lang='lat' dir='ltr'><strong>ora</strong></span> <span class='ocrx_word' id='word_1_134' title='bbox 669 1719 795 1776; x_wconf 86' lang='lat' dir='ltr'><strong>lucernae</strong></span> 
     </span>
     <span class='ocr_line' id='line_1_23' title="bbox 115 1795 889 1866; baseline 0.009 -17"><span class='ocrx_word' id='word_1_135' title='bbox 115 1795 222 1851; x_wconf 87' lang='lat' dir='ltr'><strong>Nomen</strong></span> <span class='ocrx_word' id='word_1_136' title='bbox 239 1797 293 1852; x_wconf 90' lang='lat' dir='ltr'><strong>erit</strong></span> <span class='ocrx_word' id='word_1_137' title='bbox 310 1797 420 1866; x_wconf 88' lang='lat' dir='ltr'><strong>pardus,</strong></span> <span class='ocrx_word' id='word_1_138' title='bbox 439 1797 525 1866; x_wconf 88' lang='lat' dir='ltr'><strong>tigris,</strong></span> <span class='ocrx_word' id='word_1_139' title='bbox 541 1796 592 1864; x_wconf 87' lang='lat' dir='ltr'><strong>leo,</strong></span> <span class='ocrx_word' id='word_1_140' title='bbox 611 1796 635 1850; x_wconf 91' lang='lat' dir='ltr'><strong>si</strong></span> <span class='ocrx_word' id='word_1_141' title='bbox 652 1795 721 1866; x_wconf 89' lang='lat' dir='ltr'><strong>quid</strong></span> <span class='ocrx_word' id='word_1_142' title='bbox 737 1797 828 1854; x_wconf 87' lang='lat' dir='ltr'><strong>adhue</strong></span> <span class='ocrx_word' id='word_1_143' title='bbox 845 1803 889 1856; x_wconf 87' lang='lat' dir='ltr'><strong>est</strong></span> 
     </span>
     <span class='ocr_line' id='line_1_24' title="bbox 116 1872 868 1947; baseline 0.005 -21"><span class='ocrx_word' id='word_1_144' title='bbox 116 1872 196 1938; x_wconf 86' lang='lat' dir='ltr'><strong>Quod</strong></span> <span class='ocrx_word' id='word_1_145' title='bbox 212 1873 312 1928; x_wconf 86' lang='lat' dir='ltr'><strong>fremat</strong></span> <span class='ocrx_word' id='word_1_146' title='bbox 327 1873 357 1927; x_wconf 87' lang='lat' dir='ltr'><strong>in</strong></span> <span class='ocrx_word' id='word_1_147' title='bbox 374 1876 457 1932; x_wconf 85' lang='lat' dir='ltr'><strong>terris</strong></span> <span class='ocrx_word' id='word_1_148' title='bbox 475 1872 626 1928; x_wconf 86' lang='lat' dir='ltr'><strong>violentius.</strong></span> <span class='ocrx_word' id='word_1_149' title='bbox 663 1873 737 1942; x_wconf 85' lang='lat' dir='ltr'><strong>llrgo</strong></span> <span class='ocrx_word' id='word_1_150' title='bbox 754 1875 868 1947; x_wconf 82' lang='lat' dir='ltr'><strong>cavebis,</strong></span> 
     </span>
     <span class='ocr_line' id='line_1_25' title="bbox 113 1948 825 2006; baseline 0.004 -3"><span class='ocrx_word' id='word_1_151' title='bbox 113 1949 153 2004; x_wconf 81' lang='lat' dir='ltr'><strong>llt</strong></span> <span class='ocrx_word' id='word_1_152' title='bbox 169 1952 276 2004; x_wconf 91' lang='lat' dir='ltr'><strong>metues</strong></span> <span class='ocrx_word' id='word_1_153' title='bbox 292 1966 329 2004; x_wconf 90' lang='lat' dir='ltr'><strong>ne</strong></span> <span class='ocrx_word' id='word_1_154' title='bbox 345 1955 378 2004; x_wconf 91' lang='lat' dir='ltr'><strong>tu</strong></span> <span class='ocrx_word' id='word_1_155' title='bbox 395 1951 432 2005; x_wconf 85' lang='lat' dir='ltr'><strong>sis</strong></span> <span class='ocrx_word' id='word_1_156' title='bbox 450 1948 575 2004; x_wconf 82' lang='lat' dir='ltr'><strong>Oretious</strong></span> <span class='ocrx_word' id='word_1_157' title='bbox 592 1951 641 2004; x_wconf 88' lang='lat' dir='ltr'><strong>aut</strong></span> <span class='ocrx_word' id='word_1_158' title='bbox 659 1949 825 2006; x_wconf 74' lang='lat' dir='ltr'><strong>Camerinus</strong></span> 
     </span>
    </p>

    <p class='ocr_par' dir='ltr' id='par_1_3' title="bbox 111 2025 1063 3162">
     <span class='ocr_line' id='line_1_26' title="bbox 148 2025 962 2096; baseline 0.005 -16"><span class='ocrx_word' id='word_1_159' title='bbox 148 2025 201 2081; x_wconf 84' lang='lat' dir='ltr'><strong>His</strong></span> <span class='ocrx_word' id='word_1_160' title='bbox 213 2043 265 2096; x_wconf 90' lang='lat' dir='ltr'><strong>ego</strong></span> <span class='ocrx_word' id='word_1_161' title='bbox 277 2043 359 2096; x_wconf 86' lang='lat' dir='ltr'><strong>quem</strong></span> <span class='ocrx_word' id='word_1_162' title='bbox 371 2025 482 2081; x_wconf 82' lang='lat' dir='ltr'><strong>monuit</strong></span> <span class='ocrx_word' id='word_1_163' title='bbox 500 2029 593 2082; x_wconf 85' lang='lat' dir='ltr'><strong>tecum</strong></span> <span class='ocrx_word' id='word_1_164' title='bbox 604 2028 648 2081; x_wconf 88' lang='lat' dir='ltr'><strong>est</strong></span> <span class='ocrx_word' id='word_1_165' title='bbox 658 2025 726 2080; x_wconf 90' lang='lat' dir='ltr'><strong>mihi</strong></span> <span class='ocrx_word' id='word_1_166' title='bbox 738 2043 834 2096; x_wconf 82' lang='lat' dir='ltr'><strong>sermo,</strong></span> <span class='ocrx_word' id='word_1_167' title='bbox 848 2027 962 2084; x_wconf 84' lang='lat' dir='ltr'><strong>Rubelli</strong></span> 
     </span>
     <span class='ocr_line' id='line_1_27' title="bbox 114 2103 972 2172; baseline 0.001 -14"><span class='ocrx_word' id='word_1_168' title='bbox 114 2103 220 2158; x_wconf 86' lang='lat' dir='ltr'><strong>Plauto.</strong></span> <span class='ocrx_word' id='word_1_169' title='bbox 255 2103 354 2158; x_wconf 80' lang='lat' dir='ltr'><strong>&#39;lumea</strong></span> <span class='ocrx_word' id='word_1_170' title='bbox 369 2104 426 2158; x_wconf 86' lang='lat' dir='ltr'><strong>alto</strong></span> <span class='ocrx_word' id='word_1_171' title='bbox 442 2103 595 2157; x_wconf 83' lang='lat' dir='ltr'><strong>Drusorum</strong></span> <span class='ocrx_word' id='word_1_172' title='bbox 611 2105 763 2172; x_wconf 85' lang='lat' dir='ltr'><strong>stemmate,</strong></span> <span class='ocrx_word' id='word_1_173' title='bbox 778 2107 910 2172; x_wconf 88' lang='lat' dir='ltr'><strong>tanquam</strong></span> <span class='ocrx_word' id='word_1_174' title='bbox 945 2121 972 2162; x_wconf 76' lang='lat' dir='ltr'><strong>so</strong></span> 
     </span>
     <span class='ocr_line' id='line_1_28' title="bbox 113 2177 1063 2251; baseline -0.003 -17"><span class='ocrx_word' id='word_1_175' title='bbox 113 2180 224 2236; x_wconf 81' lang='lat' dir='ltr'><strong>Faueria</strong></span> <span class='ocrx_word' id='word_1_176' title='bbox 240 2179 301 2250; x_wconf 86' lang='lat' dir='ltr'><strong>ipse</strong></span> <span class='ocrx_word' id='word_1_177' title='bbox 318 2179 422 2251; x_wconf 86' lang='lat' dir='ltr'><strong>aliquid</strong></span> <span class='ocrx_word' id='word_1_178' title='bbox 438 2181 555 2250; x_wconf 87' lang='lat' dir='ltr'><strong>propter</strong></span> <span class='ocrx_word' id='word_1_179' title='bbox 571 2178 646 2248; x_wconf 87' lang='lat' dir='ltr'><strong>quod</strong></span> <span class='ocrx_word' id='word_1_180' title='bbox 662 2177 760 2234; x_wconf 91' lang='lat' dir='ltr'><strong>nobilis</strong></span> <span class='ocrx_word' id='word_1_181' title='bbox 777 2196 858 2250; x_wconf 82' lang='lat' dir='ltr'><strong>esses,</strong></span> <span class='ocrx_word' id='word_1_182' title='bbox 951 2242 955 2248; x_wconf 19' lang='grc' dir='ltr'>ι</span> <span class='ocrx_word' id='word_1_183' title='bbox 1062 2201 1063 2224; x_wconf 59' lang='lat' dir='ltr'><strong>n</strong></span> 
     </span>
     <span class='ocr_line' id='line_1_29' title="bbox 112 2254 794 2327; baseline -0.006 -15"><span class='ocrx_word' id='word_1_184' title='bbox 112 2257 154 2312; x_wconf 89' lang='lat' dir='ltr'><strong>Ut</strong></span> <span class='ocrx_word' id='word_1_185' title='bbox 171 2261 201 2312; x_wconf 92' lang='lat' dir='ltr'><strong>te</strong></span> <span class='ocrx_word' id='word_1_186' title='bbox 218 2257 372 2326; x_wconf 81' lang='lat' dir='ltr'><strong>conciperet</strong></span> <span class='ocrx_word' id='word_1_187' title='bbox 388 2273 459 2327; x_wconf 89' lang='lat' dir='ltr'><strong>quae</strong></span> <span class='ocrx_word' id='word_1_188' title='bbox 477 2255 608 2324; x_wconf 87' lang='lat' dir='ltr'><strong>sanguine</strong></span> <span class='ocrx_word' id='word_1_189' title='bbox 624 2254 714 2324; x_wconf 82' lang='lat' dir='ltr'><strong>fulget</strong></span> <span class='ocrx_word' id='word_1_190' title='bbox 731 2255 794 2324; x_wconf 72' lang='lat' dir='ltr'><strong>Iuli,</strong></span> 
     </span>
     <span class='ocr_line' id='line_1_30' title="bbox 112 2331 828 2405; baseline 0 -17"><span class='ocrx_word' id='word_1_191' title='bbox 112 2333 176 2389; x_wconf 86' lang='lat' dir='ltr'><strong>Non</strong></span> <span class='ocrx_word' id='word_1_192' title='bbox 193 2351 264 2405; x_wconf 85' lang='lat' dir='ltr'><strong>quae</strong></span> <span class='ocrx_word' id='word_1_193' title='bbox 281 2337 394 2388; x_wconf 79' lang='lat' dir='ltr'><strong>ventose</strong></span> <span class='ocrx_word' id='word_1_194' title='bbox 411 2331 546 2388; x_wconf 79' lang='lat' dir='ltr'><strong>eonducta</strong></span> <span class='ocrx_word' id='word_1_195' title='bbox 561 2331 614 2386; x_wconf 90' lang='lat' dir='ltr'><strong>sub</strong></span> <span class='ocrx_word' id='word_1_196' title='bbox 631 2346 731 2400; x_wconf 79' lang='lat' dir='ltr'><strong>aggere</strong></span> <span class='ocrx_word' id='word_1_197' title='bbox 749 2332 828 2388; x_wconf 89' lang='lat' dir='ltr'><strong>texit.</strong></span> 
     </span>
     <span class='ocr_line' id='line_1_31' title="bbox 112 2407 881 2480; baseline 0 -16"><span class='ocrx_word' id='word_1_198' title='bbox 112 2410 190 2464; x_wconf 87' lang='lat' dir='ltr'><strong>“Vos</strong></span> <span class='ocrx_word' id='word_1_199' title='bbox 207 2409 346 2478; x_wconf 81' lang='lat' dir='ltr'><strong>humiles,”</strong></span> <span class='ocrx_word' id='word_1_200' title='bbox 363 2409 462 2480; x_wconf 90' lang='lat' dir='ltr'><strong>inquis,</strong></span> <span class='ocrx_word' id='word_1_201' title='bbox 480 2407 575 2478; x_wconf 74' lang='lat' dir='ltr'><strong>“vrrlgi</strong></span> <span class='ocrx_word' id='word_1_202' title='bbox 591 2423 657 2480; x_wconf 83' lang='lat' dir='ltr'><strong>pars</strong></span> <span class='ocrx_word' id='word_1_203' title='bbox 674 2407 771 2463; x_wconf 89' lang='lat' dir='ltr'><strong>ultima</strong></span> <span class='ocrx_word' id='word_1_204' title='bbox 787 2409 881 2480; x_wconf 69' lang='lat' dir='ltr'><strong>nestri,</strong></span> 
     </span>
     <span class='ocr_line' id='line_1_32' title="bbox 113 2485 968 2557; baseline 0 -13"><span class='ocrx_word' id='word_1_205' title='bbox 113 2490 234 2556; x_wconf 79' lang='lat' dir='ltr'><strong>Quorum</strong></span> <span class='ocrx_word' id='word_1_206' title='bbox 250 2503 331 2542; x_wconf 85' lang='lat' dir='ltr'><strong>nemo</strong></span> <span class='ocrx_word' id='word_1_207' title='bbox 349 2489 434 2557; x_wconf 84' lang='lat' dir='ltr'><strong>queat</strong></span> <span class='ocrx_word' id='word_1_208' title='bbox 450 2485 571 2556; x_wconf 86' lang='lat' dir='ltr'><strong>patriam</strong></span> <span class='ocrx_word' id='word_1_209' title='bbox 587 2487 742 2540; x_wconf 86' lang='lat' dir='ltr'><strong>monstrare</strong></span> <span class='ocrx_word' id='word_1_210' title='bbox 758 2487 893 2555; x_wconf 84' lang='lat' dir='ltr'><strong>parentis:</strong></span> <span class='ocrx_word' id='word_1_211' title='bbox 940 2503 968 2544; x_wconf 78' lang='lat' dir='ltr'><strong>se</strong></span> 
     </span>
     <span class='ocr_line' id='line_1_33' title="bbox 113 2560 846 2634; baseline -0.007 -14"><span class='ocrx_word' id='word_1_212' title='bbox 113 2570 169 2622; x_wconf 84' lang='lat' dir='ltr'><strong>Aet</strong></span> <span class='ocrx_word' id='word_1_213' title='bbox 185 2581 237 2634; x_wconf 88' lang='lat' dir='ltr'><strong>ego</strong></span> <span class='ocrx_word' id='word_1_214' title='bbox 256 2562 451 2634; x_wconf 81' lang='lat' dir='ltr'><strong>Geompides!”</strong></span> <span class='ocrx_word' id='word_1_215' title='bbox 484 2561 570 2618; x_wconf 82' lang='lat' dir='ltr'><strong>Vives</strong></span> <span class='ocrx_word' id='word_1_216' title='bbox 588 2564 617 2618; x_wconf 89' lang='lat' dir='ltr'><strong>et</strong></span> <span class='ocrx_word' id='word_1_217' title='bbox 634 2560 747 2630; x_wconf 84' lang='lat' dir='ltr'><strong>originis</strong></span> <span class='ocrx_word' id='word_1_218' title='bbox 764 2561 846 2632; x_wconf 76' lang='lat' dir='ltr'><strong>hnjus</strong></span> 
     </span>
     <span class='ocr_line' id='line_1_34' title="bbox 113 2637 860 2710; baseline -0.004 -13"><span class='ocrx_word' id='word_1_219' title='bbox 113 2641 221 2697; x_wconf 86' lang='lat' dir='ltr'><strong>Gaudia</strong></span> <span class='ocrx_word' id='word_1_220' title='bbox 236 2641 319 2710; x_wconf 86' lang='lat' dir='ltr'><strong>longa</strong></span> <span class='ocrx_word' id='word_1_221' title='bbox 334 2640 420 2696; x_wconf 80' lang='lat' dir='ltr'><strong>seras:</strong></span> <span class='ocrx_word' id='word_1_222' title='bbox 444 2643 540 2697; x_wconf 80' lang='lat' dir='ltr'><strong>tamen</strong></span> <span class='ocrx_word' id='word_1_223' title='bbox 555 2639 611 2694; x_wconf 89' lang='lat' dir='ltr'><strong>ima</strong></span> <span class='ocrx_word' id='word_1_224' title='bbox 627 2637 708 2706; x_wconf 88' lang='lat' dir='ltr'><strong>plebe</strong></span> <span class='ocrx_word' id='word_1_225' title='bbox 725 2638 860 2706; x_wconf 81' lang='lat' dir='ltr'><strong>Quiritem</strong></span> 
     </span>
     <span class='ocr_line' id='line_1_35' title="bbox 112 2715 860 2784; baseline -0.001 -11"><span class='ocrx_word' id='word_1_226' title='bbox 112 2717 273 2773; x_wconf 80' lang='lat' dir='ltr'><strong>Facundum</strong></span> <span class='ocrx_word' id='word_1_227' title='bbox 290 2717 427 2784; x_wconf 78' lang='lat' dir='ltr'><strong>invenies3</strong></span> <span class='ocrx_word' id='word_1_228' title='bbox 450 2717 520 2773; x_wconf 90' lang='lat' dir='ltr'><strong>solet</strong></span> <span class='ocrx_word' id='word_1_229' title='bbox 537 2715 582 2772; x_wconf 89' lang='lat' dir='ltr'><strong>hie</strong></span> <span class='ocrx_word' id='word_1_230' title='bbox 599 2715 748 2772; x_wconf 77' lang='lat' dir='ltr'><strong>defendere</strong></span> <span class='ocrx_word' id='word_1_231' title='bbox 765 2729 860 2772; x_wconf 79' lang='lat' dir='ltr'><strong>causas</strong></span> 
     </span>
     <span class='ocr_line' id='line_1_36' title="bbox 111 2791 734 2864; baseline -0.002 -15"><span class='ocrx_word' id='word_1_232' title='bbox 111 2793 220 2850; x_wconf 86' lang='lat' dir='ltr'><strong>Nobilis</strong></span> <span class='ocrx_word' id='word_1_233' title='bbox 237 2793 355 2860; x_wconf 87' lang='lat' dir='ltr'><strong>indoeti;</strong></span> <span class='ocrx_word' id='word_1_234' title='bbox 377 2792 470 2849; x_wconf 85' lang='lat' dir='ltr'><strong>veniet</strong></span> <span class='ocrx_word' id='word_1_235' title='bbox 487 2793 523 2848; x_wconf 87' lang='lat' dir='ltr'><strong>de</strong></span> <span class='ocrx_word' id='word_1_236' title='bbox 539 2791 621 2864; x_wconf 87' lang='lat' dir='ltr'><strong>plebe</strong></span> <span class='ocrx_word' id='word_1_237' title='bbox 637 2795 734 2861; x_wconf 83' lang='lat' dir='ltr'><strong>togata</strong></span> 
     </span>
     <span class='ocr_line' id='line_1_37' title="bbox 112 2867 964 2941; baseline 0.001 -16"><span class='ocrx_word' id='word_1_238' title='bbox 112 2871 166 2936; x_wconf 83' lang='lat' dir='ltr'><strong>Qui</strong></span> <span class='ocrx_word' id='word_1_239' title='bbox 177 2871 249 2941; x_wconf 89' lang='lat' dir='ltr'><strong>juris</strong></span> <span class='ocrx_word' id='word_1_240' title='bbox 266 2871 352 2924; x_wconf 89' lang='lat' dir='ltr'><strong>nodos</strong></span> <span class='ocrx_word' id='word_1_241' title='bbox 369 2873 400 2924; x_wconf 90' lang='lat' dir='ltr'><strong>et</strong></span> <span class='ocrx_word' id='word_1_242' title='bbox 415 2869 508 2938; x_wconf 83' lang='lat' dir='ltr'><strong>legum</strong></span> <span class='ocrx_word' id='word_1_243' title='bbox 525 2867 680 2937; x_wconf 79' lang='lat' dir='ltr'><strong>aenigmate</strong></span> <span class='ocrx_word' id='word_1_244' title='bbox 697 2868 792 2924; x_wconf 87' lang='lat' dir='ltr'><strong>solvat.</strong></span> <span class='ocrx_word' id='word_1_245' title='bbox 937 2883 964 2926; x_wconf 77' lang='lat' dir='ltr'><strong>to</strong></span> 
     </span>
     <span class='ocr_line' id='line_1_38' title="bbox 112 2942 842 3014; baseline 0 -14"><span class='ocrx_word' id='word_1_246' title='bbox 112 2947 168 3000; x_wconf 92' lang='lat' dir='ltr'><strong>Hie</strong></span> <span class='ocrx_word' id='word_1_247' title='bbox 184 2945 256 3014; x_wconf 89' lang='lat' dir='ltr'><strong>petit</strong></span> <span class='ocrx_word' id='word_1_248' title='bbox 274 2945 435 3014; x_wconf 81' lang='lat' dir='ltr'><strong>Euphraten</strong></span> <span class='ocrx_word' id='word_1_249' title='bbox 448 2945 558 3012; x_wconf 83' lang='lat' dir='ltr'><strong>juvenis</strong></span> <span class='ocrx_word' id='word_1_250' title='bbox 576 2942 727 3013; x_wconf 88' lang='lat' dir='ltr'><strong>domitique</strong></span> <span class='ocrx_word' id='word_1_251' title='bbox 744 2943 842 3000; x_wconf 79' lang='lat' dir='ltr'><strong>Batavi</strong></span> 
     </span>
     <span class='ocr_line' id='line_1_39' title="bbox 112 3016 749 3088; baseline -0.006 -12"><span class='ocrx_word' id='word_1_252' title='bbox 112 3020 247 3076; x_wconf 75' lang='lat' dir='ltr'><strong>emendes</strong></span> <span class='ocrx_word' id='word_1_253' title='bbox 264 3019 368 3088; x_wconf 75' lang='lat' dir='ltr'><strong>aquilus</strong></span> <span class='ocrx_word' id='word_1_254' title='bbox 383 3019 466 3072; x_wconf 85' lang='lat' dir='ltr'><strong>armis</strong></span> <span class='ocrx_word' id='word_1_255' title='bbox 481 3016 648 3076; x_wconf 77' lang='lat' dir='ltr'><strong>indrutrius:</strong></span> <span class='ocrx_word' id='word_1_256' title='bbox 670 3022 700 3074; x_wconf 86' lang='lat' dir='ltr'><strong>et</strong></span> <span class='ocrx_word' id='word_1_257' title='bbox 716 3021 749 3073; x_wconf 88' lang='lat' dir='ltr'><strong>tu</strong></span> 
     </span>
     <span class='ocr_line' id='line_1_40' title="bbox 111 3092 889 3162; baseline 0.003 -13"><span class='ocrx_word' id='word_1_258' title='bbox 111 3095 137 3150; x_wconf 85' lang='lat' dir='ltr'><strong>N</strong></span> <span class='ocrx_word' id='word_1_259' title='bbox 140 3095 159 3148; x_wconf 95' lang='lat' dir='ltr'><strong>il</strong></span> <span class='ocrx_word' id='word_1_260' title='bbox 176 3093 408 3162; x_wconf 79' lang='lat' dir='ltr'><strong>nisi.0eoropides</strong></span> <span class='ocrx_word' id='word_1_261' title='bbox 425 3097 577 3161; x_wconf 79' lang='lat' dir='ltr'><strong>truncoque</strong></span> <span class='ocrx_word' id='word_1_262' title='bbox 594 3092 744 3149; x_wconf 87' lang='lat' dir='ltr'><strong>simillimus</strong></span> <span class='ocrx_word' id='word_1_263' title='bbox 763 3095 889 3151; x_wconf 85' lang='lat' dir='ltr'><strong>Hermae.</strong></span> 
     </span>
    </p>
   </div>
   <div class='ocr_carea' id='block_1_3' title="bbox 25 3165 953 3244">
    <p class='ocr_par' dir='ltr' id='par_1_4' title="bbox 25 3165 953 3244">
     <span class='ocr_line' id='line_1_41' title="bbox 25 3165 953 3244; baseline 0 -20"><span class='ocrx_word' id='word_1_264' title='bbox 25 3168 28 3173; x_wconf 78' lang='grc'>’</span> <span class='ocrx_word' id='word_1_265' title='bbox 113 3169 194 3224; x_wconf 79' lang='lat' dir='ltr'><strong>Nullo</strong></span> <span class='ocrx_word' id='word_1_266' title='bbox 211 3169 313 3241; x_wconf 88' lang='lat' dir='ltr'><strong>quippe</strong></span> <span class='ocrx_word' id='word_1_267' title='bbox 329 3167 383 3224; x_wconf 80' lang='lat' dir='ltr'><strong>alio</strong></span> <span class='ocrx_word' id='word_1_268' title='bbox 397 3167 482 3225; x_wconf 75' lang='lat' dir='ltr'><strong>Vincis</strong></span> <span class='ocrx_word' id='word_1_269' title='bbox 499 3165 654 3224; x_wconf 69' lang='lat' dir='ltr'><strong>damnine</strong></span> <span class='ocrx_word' id='word_1_270' title='bbox 671 3183 753 3237; x_wconf 82' lang='lat' dir='ltr'><strong>quam</strong></span> <span class='ocrx_word' id='word_1_271' title='bbox 771 3169 845 3238; x_wconf 82' lang='lat' dir='ltr'><strong>qued</strong></span> <span class='ocrx_word' id='word_1_272' title='bbox 949 3239 953 3244; x_wconf 28' lang='grc' dir='ltr'>Ι</span> 
     </span>
    </p>
   </div>
   <div class='ocr_carea' id='block_1_4' title="bbox 0 0 1086 3536">
    <p class='ocr_par' dir='ltr' id='par_1_5' title="bbox 0 0 1086 3536">
     <span class='ocr_line' id='line_1_42' title="bbox 0 0 1086 3536; baseline 0 3"><span class='ocrx_word' id='word_1_273' title='bbox 0 0 1086 3536; x_wconf 95' lang='lat' dir='ltr'><strong> </strong></span> 
     </span>
    </p>
   </div>
  </div>
 </body>
</html>
