2126 3532
410 81 546 134 SATIRA
563 83 617 134 ΙΙΙ.
899 85 942 134 111

57 178 83 232 J
84 178 178 245 ussit,
197 177 228 230 et
243 173 364 230 humana
381 185 437 244 qna
454 180 536 244 parte
552 174 658 228 locatus
674 191 705 230 es
722 175 750 230 in
767 191 804 230 re.

58 255 170 318 Disce,
190 267 280 320 neque
298 251 421 305 invideas
439 253 515 320 'qnod
532 251 621 305 multa
637 251 730 306 fidelia
747 255 828 321 putet

61 330 107 383 In
127 327 272 396 locuplete
290 343 371 396 penu,
390 325 510 380 delensis
527 327 677 397 pinguibus
694 326 816 394 Umbris,

61 405 110 460 Et
131 405 219 474 piper
236 408 266 459 et
283 419 393 474 pernae,
413 403 498 456 Marsi
516 409 694 459 monumenta
711 403 836 470 clientis;
920 415 943 458 ts

62 483 238 550 Maenaque
255 479 329 550 quod
346 480 436 549 prima
453 480 575 533 nondum
594 480 727 535 defecerit
745 497 816 535 orca

109 559 170 612 Hie
190 558 288 626 aliquis
306 557 342 611 de
359 562 443 625 gente
461 557 567 610 hircosa
585 557 783 613 Centurionum

66 635 175 689 Dicat:
203 633 303 699 “Quod
321 635 396 703 sapio
416 635 483 688 satis
501 637 545 688 est
562 634 644 701 mihi;
666 651 721 688 non
738 649 790 702 ego
807 647 873 688 curo

67 713 148 766 Esse
167 710 243 781 quod
262 711 399 765 Arcesilas
417 711 628 780 aerumnosique
646 710 768 778 Solones,

27 793 29 797 ’
69 787 199 856 Obstipo
216 788 307 857 capite
325 791 354 842 et
371 787 488 855 figentes
507 787 609 842 lumine
627 791 740 862 terram,
918 801 942 840 so

69 865 226 920 Murmura
243 880 305 918 cum
324 878 417 917 secum
435 867 464 917 et
482 863 592 918 rabiosa
609 865 718 919 silentia
735 865 846 932 rodunt,

72 944 177 1010 Atque
194 943 358 1010 exporrecto
376 940 547 994 trutinantur
563 941 648 994 verba
665 940 774 1009 labello,

72 1017 199 1085 Aegroti
216 1017 318 1070 veteris
336 1016 504 1070 meditantes
523 1017 637 1085 somnia,
654 1017 731 1086 gigni

74 1093 124 1146 De
141 1093 228 1147 nihilo
245 1093 320 1161 nihil,
339 1093 368 1146 in
385 1092 500 1146 nihilum
517 1093 556 1146 nil
573 1107 656 1163 posse
673 1092 783 1147 reverti.

75 1170 143 1224 Hoc
156 1170 285 1239 estquod
297 1171 400 1241 pallesl
418 1187 467 1223 cur
479 1171 540 1239 quis
551 1187 606 1224 nou
618 1170 755 1240 prandeat
766 1169 819 1225 hoc
830 1171 873 1225 est
881 1169 905 1222 l”
915 1176 940 1222 st

20 1271 29 1286 ·
76 1247 133 1300 His
151 1247 268 1317 populus
286 1247 368 1315 ridet,
385 1247 559 1316 multumque
576 1253 670 1302 torosa
683 1247 817 1316 juventus

76 1324 239 1392 Ingeminat
257 1325 389 1378 tremulos
406 1341 473 1378 naso
490 1325 630 1393 crispante
648 1323 799 1378 cachinnos

113 1401 131 1427 “
140 1400 256 1470 Inspice,
270 1400 361 1454 nescio
374 1400 442 1469 quid
454 1400 580 1470 trepidat
590 1399 657 1454 mihi
669 1403 773 1470 pectus,
784 1401 815 1455 et
825 1401 915 1468 aegris

77 1473 215 1531 Faucibus
229 1481 382 1546 exsuperat
399 1477 491 1546 gravis
509 1475 626 1543 halitus;
649 1477 753 1546 inspice
771 1474 875 1542 sodes,'’

80 1551 135 1617 Qui
153 1552 220 1607 dicit
237 1554 352 1621 medico,
366 1553 461 1622 jussus
478 1554 660 1623 requiescere,
678 1553 826 1622 postquam
913 1567 939 1606 ao

79 1629 173 1682 Tertia
190 1631 353 1700 compositas
371 1630 441 1683 vidit
458 1645 513 1684 nox
531 1645 643 1684 currere
660 1645 752 1697 venas,

79 1703 125 1759 De
141 1703 243 1775 majore
262 1705 343 1760 domo
361 1706 499 1760 modicum
517 1705 630 1762 sitiente
648 1705 746 1775 lagena

80 1781 166 1836 Lenia
182 1781 274 1836 loturo
291 1782 343 1836 sibi
362 1781 523 1836 Surrentina
539 1783 653 1850 rogavit.

79 1854 188 1927 “Heus,
206 1858 285 1928 bone,
297 1861 329 1913 tu
341 1857 458 1928 palles!''
484 1859 504 1887 '“
514 1859 592 1913 Nihil
607 1859 675 1914 est”
705 1858 831 1915 “Videas
841 1865 936 1916 tamar

147 1935 222 1989 istud

73 2010 215 2080 Quicquid
231 2010 263 2064 id
280 2013 335 2065 est:
360 2011 450 2080 surgit
461 2011 547 2066 tacite
564 2013 616 2066 tibi
633 2012 710 2068 lutea
727 2012 830 2084 pellis'’
911 2029 936 2068 cs

77 2089 146 2142 “At
162 2091 194 2142 tu
212 2087 334 2142 deterius
352 2089 452 2157 pellem
476 2105 512 2142 ne
529 2089 566 2143 sis
584 2089 651 2142 mihi
668 2095 760 2157 tutor;

82 2163 100 2218 J
102 2181 145 2219 am
156 2165 264 2235 pridem
275 2163 347 2218 hunc
360 2167 460 2235 sepeli:
480 2169 513 2220 tu
524 2167 637 2220 resta?
667 2167 684 2195 “
692 2167 788 2236 Perge,
801 2167 923 2223 taceb0.”

83 2241 215 2310 'turgidus
232 2241 276 2295 hic
293 2241 381 2309 epulis
400 2249 484 2310 atque
501 2241 565 2296 albo
583 2247 679 2298 ventre
696 2243 811 2311 lavatur,

83 2318 197 2373 Gutture
215 2317 349 2373 sulfureas
366 2318 472 2372 lentum
490 2319 636 2374 exhalante
653 2319 796 2390 mephites.

84 2393 137 2448 Sed
153 2399 255 2449 tremor
272 2395 345 2449 inter
361 2395 425 2449 rina
442 2395 517 2449 subit
534 2396 709 2466 calidumque
725 2397 837 2452 triental
898 2411 935 2452 ma

85 2471 191 2526 Excutit
208 2471 368 2538 ommibus,
388 2471 486 2526 dentes
503 2489 635 2543 crepuere
653 2473 759 2540 reiecti,

84 2547 170 2602 Uncta
187 2547 291 2601 cadunt
307 2547 377 2601 laxis
395 2552 461 2602 tune
477 2549 661 2618 pulmentaria
678 2549 768 2604 labris.

86 2623 153 2678 Hinc
169 2623 242 2685 tuba,
260 2623 397 2688 candelae,
415 2625 584 2694 tandemque
601 2625 728 2681 beatulus
746 2625 803 2681 alto

86 2699 249 2767 compositus
266 2700 339 2755 lecto
357 2701 508 2771 crassisque
526 2701 632 2758 lutatus
651 2703 765 2758 amomis

88 2775 120 2828 ln
134 2781 238 2846 portam
255 2776 358 2846 rigidos
376 2777 462 2832 calces
480 2779 620 2834 extendit:
645 2778 769 2835 atilium
896 2799 932 2839 roe

88 2851 209 2907 Hesterni
226 2854 316 2923 capite
332 2853 429 2909 induto
446 2853 556 2910 subiere
574 2855 703 2922 Quirites.
875 2913 877 2918 ,

119 2927 210 2996 Tange,
228 2931 318 2999 miser,
336 2946 419 2986 venas
436 2935 466 2986 et
483 2944 555 3001 pone
571 2931 600 2987 in
617 2937 730 3004 pectore
746 2933 888 3000 dextram

88 3003 150 3058 “Nil
165 3004 236 3060 calet
253 3005 327 3073 hic;’'
344 3023 519 3076 summosque
536 3007 621 3078 pedes
639 3011 746 3079 attinge
762 3028 929 3080 manusqu03

89 3079 164 3136 “Non
180 3081 305 3150 frigent.''
340 3083 408 3137 Visa
425 3087 468 3138 est
485 3085 507 3138 si
525 3085 596 3140 forte
613 3087 736 3156 perimis,
753 3087 810 3144 sive

88 3156 202 3214 Candida
218 3158 298 3214 ricim
316 3159 429 3215 subrisit
446 3160 528 3215 molle
545 3162 643 3233 puella,
892 3181 926 3222 ιν
