2164 3536
384 145 516 195 sauma
532 145 582 194 VI.
600 145 668 195 VIL
714 146 717 152 '
926 149 957 196 '48

102 235 280 306 Praecipites,
297 237 331 291 ut
348 252 415 290 saxa
428 234 504 304 jugis
521 234 648 303 abrupta,
666 234 766 304 quibus
782 239 867 290 mons
936 242 954 290 ’.

102 315 282 372 Subtrahitur
298 311 424 380 clivoque
442 312 515 370 latus
532 311 670 380 pendente
687 311 800 366 recedit.
922 329 958 369 ooo

102 393 183 448 Illam
201 408 251 460 ego
268 407 323 443 non
340 389 459 457 tulerim,
472 405 543 458 quae
560 393 702 457 computat
714 393 743 444 et
762 390 850 444 soclus
861 389 958 460 ingens
1019 389 1023 397 '

102 471 174 526 Sana
190 469 262 523 fauit
297 467 429 536 Spectant
446 467 609 522 subeuntem
627 469 685 522 fata
700 469 795 524 mariti

103 547 238 602 Alcestim
256 549 292 614 et,
311 545 405 598 similis
423 544 446 598 si
463 545 631 614 permutatio
649 545 739 614 detur,
923 594 925 596 .
948 593 955 600 .

101 623 194 678 Morte
211 621 263 676 viri
280 622 392 691 cupiant
408 622 528 676 animam
545 639 654 676 servaro
671 623 794 678 catellae.
869 671 880 676 ,.
949 645 955 672 .=

102 701 255 755 Occurrent
272 699 376 753 multae
394 697 446 752 tibi
465 697 576 752 Belides
593 703 678 768 atque
696 699 842 768 Eriphylae
921 701 958 753 ‘oti

101 777 200 842 Mane;
218 776 465 845 Clytaemnestram
478 775 572 829 nullus
589 793 643 829 uon
661 775 736 829 vicus
753 767 873 829 habebit.

101 853 164 906 Hoc
181 856 289 906 tantum
305 853 402 918 refert
417 851 492 925 quod
508 853 642 926 Tyndaris
658 853 705 906 illa
722 851 868 922 bipennem
891 858 893 862 '
954 857 955 862 ’

101 929 238 983 Insulsam
256 931 286 983 et
302 929 407 982 tamam
425 928 526 982 dextra
543 929 675 998 laevaque
692 929 817 984 tenebat:
946 932 957 960 ‘¹'

101 1006 144 1060 At
160 1023 233 1061 nuno
251 1020 297 1059 res
314 1006 405 1074 agitur
422 1005 499 1059 teum
516 1006 645 1074 pulmone
662 1007 791 1072 rubetae3
893 1027 896 1032 ·
953 1009 956 1060 ζ

102 1082 159 1136 Sed
177 1086 271 1137 tamen
290 1085 319 1136 et
336 1083 417 1151 ferro,
436 1083 459 1134 si
476 1083 667 1150 praegustabit
686 1083 802 1138 Atrides
921 1085 957 1136 aot

100 1159 217 1214 Pontica
233 1163 278 1214 ter
295 1159 361 1214 victi
378 1162 475 1214 cautus
492 1159 673 1213 medicamina
690 1161 771 1228 regia
950 1159 956 1185 ³

411 1489 556 1546 saulus
577 1491 645 1546 VIL

100 1615 142 1668 Er
160 1630 223 1684 spes
240 1616 269 1668 et
286 1613 359 1667 ratio
377 1613 530 1668 studiorum
549 1615 577 1668 in
596 1614 714 1669 Caesare
731 1617 854 1668 tantum:

100 1691 180 1745 Solus
197 1690 271 1744 enim
289 1689 384 1743 tristes
402 1689 452 1742 hoo
469 1693 637 1758 tempestato
656 1691 789 1744 Casmenas

100 1765 243 1836 Respexit,
254 1782 347 1834 vquum
361 1764 421 1833 jam
430 1765 561 1822 ,celebres
579 1767 693 1836 notique
716 1773 818 1836 poetae

99 1843 262 1897 Balneolum
279 1841 381 1910 (labiis,
400 1843 506 1898 Romae
524 1843 677 1898 conducere
693 1843 787 1898 furnos

98 1921 257 1987 Tentarent,
276 1925 327 1973 neo
345 1919 456 1974 foedum
474 1921 520 1974 alii
538 1937 589 1975 neo
606 1924 688 1990 turpe
708 1923 849 1989 putarent·
943 1927 958 1979 t.

99 1997 251 2050 Praecones
268 1996 346 2062 fieri;
364 2013 447 2066 quum
465 1997 584 2052 desertis
602 1997 762 2066 Aganippes

99 2072 226 2130 Vallibas
242 2074 365 2126 esuriens
382 2074 513 2142 migraret
530 2074 559 2127 in
578 2075 660 2128 Atria
679 2073 746 2128 Clio.
824 2112 827 2120 .

98 2149 172 2203 Nam
189 2149 213 2203 si
232 2149 323 2204 Pieria
340 2151 477 2220 quadrans
494 2151 546 2204 tibi
563 2151 654 2204 nullus
669 2151 697 2204 iu
715 2149 813 2204 umbra

99 2225 278 2293 Ostendetur,
297 2243 372 2280 ames
388 2243 488 2280 nomen
505 2227 662 2295 victumque
680 2227 850 2293 Machaerae,

98 2302 138 2356 m
154 2303 257 2357 vendas
274 2303 365 2372 potius
383 2303 525 2358 commissa
543 2304 618 2373 quod
633 2303 725 2367 auctio
743 2303 838 2356 vendit
934 2321 959 2362 lo

98 2378 249 2446 Stantibus,
267 2379 459 2449 oenophorum,
477 2381 609 2450 tripodes,
627 2379 753 2446 armaria,
772 2379 860 2442 cistas.

98 2453 247 2510 Alcithoen
268 2455 354 2523 Pacci,
373 2456 480 2512 Thebas
498 2461 527 2512 et
545 2457 632 2511 Terea
649 2456 753 2510 Fausti.

98 2530 161 2586 Hoc
178 2532 263 2586 satius
281 2549 363 2600 quam
382 2533 405 2586 si
423 2533 497 2587 dicas
515 2533 567 2588 sub
581 2533 698 2602 judice,
704 2530 814 2600 “Vidi”

99 2607 180 2674 Quod
197 2625 252 2662 non
269 2609 369 2678 uidisti,
388 2611 491 2665 faciant
507 2612 614 2680 equites
633 2609 730 2664 Asiani
955 2631 958 2638 ·

98 2685 261 2753 Quanquam
273 2703 289 2740 e
290 2687 492 2756 thppadoces
503 2688 606 2742 faciant
618 2687 780 2758 equitesque
792 2663 913 2754 Bithyni,
930 2695 958 2738 is

97 2760 199 2816 Altera
215 2779 283 2832 quos
300 2763 375 2816 nudo
394 2763 513 2818 traducit
533 2764 622 2818 Gallia
638 2764 703 2819 talo.
938 2788 939 2792 ¹

96 2837 126 2892 N
127 2854 188 2892 emo
205 2842 299 2894 tamen
317 2839 415 2894 studiis
432 2841 576 2910 iudignum
594 2843 666 2895 ferre
682 2839 806 2894 laborem

97 2913 219 2982 (legetur
235 2916 358 2985 posthac,
376 2918 464 2972 nectit
482 2919 638 2987 quicunque
656 2916 761 2972 oanoris

96 2989 244 3059 Eloquium
261 2993 354 3046 vocale
371 2993 460 3046 modis
477 2994 640 3064 laurumque
658 2993 813 3048 momordit.

97 3066 160 3120 Hoc
172 3069 253 3136 agite,
266 3085 283 3121 o
291 3068 422 3136 juvenes:
439 3071 624 3140 circumspicit
635 3076 664 3126 et
677 3070 801 3126 stimulat
814 3085 860 3122 vos
928 3081 953 3122 aa

96 3142 298 3212 Materiemque
317 3145 367 3198 sibi
386 3146 471 3200 Ducis
489 3147 661 3216 indulgentia
678 3147 796 3217 quaerit.

97 3218 201 3286 Siqua
217 3221 328 3275 aliunde
345 3227 427 3291 putas
444 3241 535 3278 rerum
554 3225 740 3294 exspectanda
756 3227 868 3280 tuarum
950 3239 959 3272 i
