2164 3536
420 135 556 186 aarum
572 134 655 188 vrrr.
935 150 963 196 51

1 221 2 234 ¹
111 221 158 277 Illi
174 238 356 278 marmoreum
374 227 458 296 eaput
474 227 524 292 est,
542 227 592 280 tua
608 224 677 280 vivit
694 223 790 295 imago.
942 247 967 286 aa

110 299 163 353 Dic
179 299 254 367 mihi
270 299 439 354 Teucrorum
456 300 555 370 proles,
572 299 699 356 animalia
715 305 794 358 muta

111 375 178 441 eris
195 391 328 444 generosa
344 379 426 446 putet
443 377 496 432 nisi
512 377 611 434 fortial
634 394 733 447 nempe
749 378 890 434 volucrem

110 451 157 506 Sic
175 451 320 506 laudamus
337 468 441 521 equum
457 452 532 508 facili
549 455 592 508 cui
610 454 730 524 plurima
740 455 832 524 palma

110 527 214 583 Fervet
231 532 262 583 et
279 528 401 584 exstultat
417 545 501 584 rauce
518 529 633 586 victoria
650 531 738 586 Circo.

110 603 218 658 Nobilis
234 603 286 669 hic,
305 621 468 675 quocunque
484 605 562 660 venit
579 605 615 660 de
631 607 762 674 gramine,
781 605 860 675 cujus
941 623 966 662 ee

110 681 192 736 Clara
208 681 273 750 fuga
289 685 356 736 ante
373 681 441 736 alios
458 685 487 738 et
504 682 608 754 primus
625 683 653 736 in
665 699 785 751 aequore
802 681 906 750 pulvis:

111 756 168 812 Sed
184 757 280 812 venale
298 773 381 827 pecus
398 757 533 828 corythae
548 759 698 829 posteritas
715 761 745 814 et

111 832 221 902 Hirpini
239 833 261 887 si
278 850 341 888 rara
354 834 423 904 jugo
442 834 566 890 Victoria
583 834 664 890 sedit.

110 909 157 964 Nil
174 908 213 964 ibi
230 909 366 978 majerum
382 914 532 981 respectus,
550 911 640 980 gratia
656 909 732 964 nulla

110 985 291 1042 Umbrarum:
315 986 439 1042 domines
455 987 551 1058 pretiis
568 991 677 1042 mutare
689 985 826 1056 jubentur
941 1001 965 1039 es

110 1061 232 1131 Exiguis,
249 1063 318 1118 trite
336 1063 440 1119 ducunt
457 1063 583 1134 epiredia
599 1063 668 1118 collo

111 1138 279 1208 segnipedes
296 1139 428 1209 dignique
445 1139 549 1194 molam
563 1157 675 1196 versare
692 1139 817 1208 Nepotis.
855 1154 857 1157 ·

111 1215 185 1284 Ergo
202 1220 234 1270 ut
250 1215 384 1270 miremur
399 1220 429 1270 te
447 1233 501 1270 non
517 1219 575 1286 tua,
592 1217 710 1286 primum
727 1214 833 1284 aliquid
850 1214 888 1270 da
1006 1222 1012 1232 ‘

111 1291 192 1356 Quod
208 1293 310 1361 possim
327 1292 416 1348 titulis
432 1291 563 1362 incidere,
581 1297 692 1362 praeter
709 1292 825 1346 honores
905 1343 907 1348 .

111 1367 185 1434 Ques
201 1368 256 1422 illis
273 1368 371 1423 damus
389 1375 419 1424 et
436 1369 563 1425 dedimus
580 1369 680 1439 quibus
698 1368 789 1423 omnia
807 1367 900 1423 debes.
940 1383 963 1423 to

145 1444 223 1498 Haec
240 1445 305 1499 satis
323 1443 360 1499 ad
373 1444 505 1514 juvenem
523 1463 606 1516 quem
623 1446 701 1502 nobis
718 1445 792 1500 fama
808 1444 958 1514 superbum

109 1520 207 1575 Tradit
225 1525 257 1576 et
271 1521 397 1578 inflatum
414 1521 581 1592 plenumque
598 1523 624 1576 N
627 1539 710 1578 arone
726 1521 892 1592 propinquo:

110 1595 204 1652 Rarus·
217 1596 290 1651 enim
307 1597 394 1652 ferme
413 1613 509 1652 sensus
525 1599 676 1652 communis
692 1599 721 1652 in
737 1596 784 1652 illa

109 1673 238 1728 Fortuna
277 1673 334 1728 Sed
349 1677 380 1730 te
397 1675 501 1728 censeri
519 1674 600 1728 laude
617 1678 737 1743 tuorum,

109 1749 230 1820 Pontice,
246 1749 381 1804 noluerim
399 1751 438 1804 sic
455 1752 487 1803 ut
504 1750 573 1804 nihil
589 1751 649 1820 ipse
666 1751 776 1806 futurae
937 1763 962 1805 aa

108 1825 211 1880 Laudis
228 1843 300 1895 agas
337 1825 471 1880 Miserum
489 1830 533 1880 est
550 1825 665 1880 aliorum
683 1826 840 1882 incumbere
856 1825 953 1894 famae,

107 1902 152 1957 Ne
169 1902 288 1972 collapsa
305 1905 388 1956 ruant
405 1901 548 1956 subductis
566 1905 642 1956 tecta
659 1903 796 1960 columnis.

107 1979 218 2034 Stratus
234 1978 311 2033 humi
326 1979 433 2068 palmes
450 1977 547 2032 viduas
565 1977 704 2034 desiderat
720 1978 814 2034 ulmos.

107 2055 176 2112 llste
193 2053 281 2109 bonus
298 2055 383 2122 miles,
402 2057 480 2110 tutor
496 2052 590 2122 bonus,
609 2054 712 2108 arbiter
728 2053 802 2110 idem

107 2131 239 2200 Integer3
260 2131 404 2198 ambiguae
422 2131 445 2186 si
463 2129 574 2199 quande
590 2131 710 2186 citabere
728 2131 808 2185 testis
938 2151 962 2187 se

107 2207 289 2278 incertaeque
306 2208 355 2274 rei,
374 2207 498 2262 Phalaris
515 2206 581 2261 licet
597 2207 712 2276 imperet
729 2210 761 2262 ut
778 2207 815 2261 sis

107 2283 206 2340 Falsus
224 2289 253 2340 et
270 2284 383 2339 admeto
401 2283 489 2338 dictet
507 2282 630 2353 perjuria
645 2286 733 2350 tauro,

106 2361 249 2416 Summum
267 2361 349 2416 crede
367 2360 443 2414 nefas
461 2360 579 2414 animam
597 2359 738 2429 praeferre
754 2357 855 2429 pudori

106 2437 145 2494 Et
161 2442 276 2508 propter
293 2437 379 2493 vitam
396 2435 506 2491 vivendi
524 2434 643 2504 perdere
660 2451 761 2489 causas.

105 2516 213 2590 Dignus
230 2519 320 2570 morte
337 2515 416 2585 perit,
435 2517 534 2568 coenet
550 2513 616 2568 licet
633 2516 725 2568 ostrea
742 2515 852 2567 centum
932 2528 956 2564 se

106 2593 235 2649 Gaurana
252 2596 281 2647 et
299 2591 392 2646 Oosmi
409 2593 469 2644 tote
487 2595 629 2658 mergatur
647 2607 722 2644 aeno.

140 2669 309 2740 Exspectata
326 2667 375 2724 diu
391 2665 504 2722 tandenn
522 2666 661 2736 provincia
679 2683 763 2736 quum
780 2668 809 2719 te

106 2744 254 2802 Rectorem
270 2745 394 2814 accipiet,
413 2759 485 2814 pone
502 2743 559 2798 irae
576 2743 671 2797 fraena
687 2741 861 2810 medumque,

106 2821 181 2878 Pone
200 2825 230 2878 et
246 2821 390 2877 avaritiae:
408 2820 538 2876 miserere
554 2819 666 2890 inopum
685 2818 833 2882 sociorum;

105 2898 177 2954 Ossa
193 2897 272 2953 rides
288 2914 384 2966 regum
402 2895 495 2952 vacuis
512 2900 627 2952 exsucta
643 2893 776 2950 medullis.
793 2939 798 2948 .
934 2910 958 2947 aa

105 2974 222 3044 Respice
240 2974 308 3045 quid
325 2978 455 3030 moneant
472 2973 555 3044 leges,
573 2971 641 3043 quid
658 2971 733 3026 curia
749 2970 869 3036 mandet,

105 3051 232 3108 Praemia
249 3054 352 3121 quanta
369 3049 453 3104 bonos
470 3054 607 3119 maneant,
625 3065 707 3119 quam
724 3045 837 3102 fulmine
849 3045 928 3116 justo
953 3079 956 3084 ,

104 3130 144 3185 Et
162 3128 260 3198 Capite
277 3132 307 3183 et
324 3127 454 3182 Numitor
471 3127 579 3180 ruerint
597 3125 745 3180 damnante
762 3123 872 3187 Senatu,

105 3204 216 3262 Piratae
233 3203 355 3260 Cilicum.
392 3201 447 3258 Sed
464 3201 533 3270 quid
550 3201 689 3258 damnatio
706 3199 818 3268 confert

407 3289 409 3294 .
852 3289 888 3327 m
957 3285 962 3294 .
