2134 3536
342 183 347 196 ¹
407 132 539 182 sanes
555 133 606 184 VI.
904 139 933 188 31

82 220 194 277 Grande
213 218 389 290 supercilium
408 221 437 273 et
451 235 579 274 numeras
597 219 626 274 in
644 219 710 276 dote
729 221 888 292 triumphos

81 297 158 352 'Folio
169 300 256 364 tuum,
265 311 369 366 precor,
379 295 563 350 Hannibalem
571 297 729 368 victumque
741 297 892 368 Syphacem
899 313 935 354 ιιι

82 375 118 429 In
135 373 234 428 castris
252 377 282 427 et
301 389 363 426 cum
383 374 444 426 tota
463 372 630 441 Carthagine
648 375 742 442 migra

82 450 201 518 “Parce,
220 465 324 518 precor,
344 449 443 518 Paean,
462 451 492 504 et
510 451 543 503 tu
562 449 668 520 depone
687 452 811 520 sagittas,

81 527 108 582 N
109 528 129 582 il
147 526 227 598 pueri
245 525 354 592 iaciunt,
374 525 462 595 ipsam
481 525 609 594 configite
626 527 766 597 matrem,”

40 603 44 608 ’
82 603 223 675 Amphion
242 602 353 658 clamat:
373 601 423 656 scd
443 602 532 656 Paean
554 603 691 658 contrahit
709 619 812 660 arcum.

81 681 191 738 Extulit
209 697 273 748 ergo
292 695 390 748 greges
408 688 535 732 natorum
553 678 697 750 ipsumque
716 685 866 752 parenten
899 699 934 755 rto

80 759 155 813 Dum
174 757 226 813 sibi
246 756 362 810 nobilior
384 755 504 810 Latonae
524 759 608 825 gente
626 757 738 812 videtur

81 840 178 908 Atque
197 834 293 891 cadem
313 832 401 887 scrofa
419 831 509 886 Niobe
527 833 669 888 secundior
686 835 755 890 alba.

82 917 158 982 Quae
177 912 249 968 tanti
267 909 394 979 gravitas,
414 925 484 978 quae
504 909 600 977 forma,
619 913 652 966 ut
670 927 700 966 so
718 911 770 968 tibi
789 927 899 983 semper
936 973 937 978 χ

81 991 225 1060 Imputeti
261 985 354 1056 Hrrjus
366 985 438 1040 enim
456 985 512 1040 rari
531 987 684 1056 summique
704 988 830 1058 voluptas

80 1068 164 1124 Nulla
181 1064 254 1134 boni,
273 1062 382 1133 quoties
401 1061 491 1116 animo
510 1067 640 1132 corrupta
657 1065 775 1134 superbo
896 1081 933 1120 1so

82 1145 150 1200 Plus
158 1143 239 1220 ,aloes
258 1155 341 1211 quam
359 1139 446 1194 mellis
465 1139 556 1194 habet.
592 1140 659 1205 Quis
679 1141 790 1196 deditus
810 1143 902 1198 autom

79 1223 177 1291 Usque
195 1219 264 1274 adeo
283 1221 333 1287 est,
354 1220 452 1272 utnon
471 1216 545 1270 illam
564 1233 646 1286 qnam
665 1217 792 1274 laudibus
810 1218 891 1275 effert
934 1251 936 1256 .

81 1299 204 1353 Horreat
221 1296 305 1365 inque
326 1293 399 1349 diem
419 1293 538 1362 septenis
557 1293 648 1348 oderit
667 1295 759 1350 borist

116 1372 258 1440 Quaedam
275 1387 361 1440 parva
380 1370 493 1439 quidem
512 1368 562 1424 sed
580 1386 635 1424 uon
654 1371 797 1426 tolerando
815 1371 929 1427 mar-Itis.

80 1450 154 1506 Nam
172 1449 239 1518 quid
257 1447 394 1502 rancidius
413 1463 495 1516 quam
515 1445 589 1515 quod
607 1463 637 1502 se
654 1463 709 1502 non
726 1451 807 1518 putat
824 1447 931 1502 ollares

80 1527 239 1582 Formosam
260 1524 313 1579 nisi
332 1539 401 1592 quae
421 1522 456 1576 de
475 1523 562 1578 rusca
581 1523 715 1580 Graecula
733 1526 806 1580 facta
825 1529 876 1593 est,

11 1620 15 1626 ’
80 1606 123 1660 De
144 1601 314 1658 Sulmonensi
332 1616 410 1654 mera
428 1599 573 1672 Cecropis?
609 1601 707 1656 Omnia
726 1602 838 1670 Graece,

80 1681 172 1746 Quum
190 1679 226 1734 sit
243 1681 326 1747 turpe
344 1677 430 1745 magis
447 1676 548 1733 nostris
566 1679 670 1733 nasone
690 1679 796 1736 Latine.

80 1761 144 1814 Hoc
163 1773 286 1813 sermone
304 1759 412 1826 meent,
431 1755 482 1810 hoc
500 1755 578 1824 narn,
595 1755 705 1824 gaudia,
724 1773 810 1828 curas,

80 1837 144 1891 Hoc
162 1837 259 1890 macta
278 1833 421 1888 effutiant
440 1832 523 1886 animi
544 1832 670 1900 scema*
693 1834 767 1900 Quid
784 1837 878 1892 altrat
895 1853 931 1894 roo

80 1911 271 1967 Ooneumbunt
288 1911 401 1964 Graece.
436 1908 528 1962 Dones
546 1911 639 1965 tamen
659 1911 713 1966 isia
730 1909 840 1980 puellis:

79 1991 155 2044 Tune
173 1987 265 2054 etiam,
283 2004 366 2058 quam
384 1989 478 2041 sextus
497 1989 527 2040 et
546 1987 728 2055 octogesimus
746 2004 832 2044 annus

79 2066 183 2134 Pulsat‚
202 2063 292 2118 adhuc
312 2063 433 2118 Graecei
469 2061 495 2116 N
497 2063 594 2118 onest
612 2063 656 2118 hic
675 2079 764 2118 sermo
782 2065 898 2134 pudiea

79 2143 115 2197 In
133 2141 233 2198 vetula
270 2139 383 2204 Quoties
403 2137 534 2194 lascivum
552 2139 700 2194 interven-it
717 2138 787 2195 illud

79 2219 135 2288 Ζωῆ
154 2219 194 2274 καὶ
210 2211 303 2289 puppi
340 2214 423 2270 Modo
442 2213 492 2270 sub
510 2215 600 2270 lodice
617 2215 720 2271 relictis
893 2235 930 2278 ιω

78 2295 175 2351 Uteris
189 2294 222 2348 'in
240 2291 345 2352 turba·
366 2290 447 2356 Quod
465 2291 538 2346 enim
556 2307 610 2346 non
629 2293 733 2349 excitet
751 2295 852 2365 inguen
917 2315 920 2320 ⁴

78 2373 143 2427 Vox
151 2369 252 2426 blanda
261 2372 291 2424 et
299 2369 433 2437 nequam?
451 2367 551 2436 digitos
562 2367 654 2424 habet
679 2369 719 2426 Ut
730 2373 824 2428 tamen
835 2387 928 2432 omnes

78 2447 229 2505 Subsident
246 2461 361 2516 pennae,
380 2443 455 2498 dieas
473 2443 542 2500 haee
560 2445 667 2500 mollius
683 2447 791 2502 Haemo

79 2527 240 2593 Quanquam
258 2525 288 2576 et
307 2521 491 2591 Carpophoro,
509 2521 592 2576 facus
609 2525 659 2576 tua
677 2527 818 2594 computat
836 2541 928 2582 annos.

112 2601 142 2657 Si
159 2599 212 2655 tibi
230 2597 359 2666 legitimis
377 2601 486 2666 pactam
499 2595 680 2668 junctamque
698 2598 806 2656 tabellis
891 2617 928 2658 roo

77 2679 141 2734 Non
160 2691 190 2730 es
207 2677 355 2741 amaturus,
373 2673 491 2728 ducendi
509 2674 583 2728 nulla
600 2675 710 2732 videtur

77 2755 182 2819 Gausa;
199 2767 250 2806 nee
270 2753 314 2805 est
333 2767 419 2819 quare
436 2766 549 2804 coenam
567 2754 597 2806 et
614 2756 754 2820 mustacea
771 2753 880 2824 perdas,

76 2830 202 2886 Labente
220 2827 307 2882 officio
325 2825 418 2880 erudis
436 2825 577 2896 donanda3
594 2843 645 2884 nee
663 2829 733 2885 iilud
927 2845 929 2896 j

77 2899 159 2974 Quod
176 2905 266 2976 prima
282 2919 333 2973 pro
352 2907 433 2958 nocte
452 2903 542 2973 datur,
560 2922 643 2974 quum
661 2905 739 2962 laneo
756 2904 840 2964 beato

76 2983 195 3040 Dacicus
213 2984 242 3037 at
260 2981 362 3050 scripto
380 2977 472 3035 radiat
491 2980 668 3038 Gemmeus
686 2999 761 3038 auro.
890 2997 926 3040 aas

77 3061 107 3116 Si
124 3059 177 3115 tibi
195 3057 354 3128 amplaitas
371 3058 476 3127 uxoria,
494 3057 605 3114 deditus
623 3060 670 3114 uni
688 3118 694 3130 ,

75 3135 127 3191 rsa
145 3135 258 3201 animus,
277 3135 417 3190 summitte
436 3138 519 3205 caput
536 3137 641 3192 cervice
659 3139 755 3206 parata
923 3164 925 3184 ι

76 3215 162 3271 Ferre
176 3209 288 3281 jugum
307 3211 409 3266 nullam
427 3211 549 3268 invenes
567 3229 639 3283 quae
656 3215 753 3282 pareat
770 3211 880 3268 amanti
920 3255 925 3270 ..
