2134 3536
134 81 165 130 32
367 79 398 127 D.
416 79 434 127 J
437 77 522 127 UNII
538 77 751 129 JUVENALIS

133 170 243 226 Ardeat
260 171 321 242 ipsa
337 167 403 224 licet
419 169 564 224 tormentis
582 170 685 239 gaudet
702 169 819 226 amentis

109 294 111 298 .
132 247 287 317 cleponis.
323 247 413 316 Igitur
429 246 509 315 longe
526 245 616 301 minus
632 248 707 302 utilis
723 248 763 302 illi
948 263 987 305 nc

132 324 211 379 Uxor
228 323 350 394 quisquis
368 323 421 379 erit
437 323 525 378 bonus
543 324 734 394 optandusque
751 325 873 382 maritus
919 389 924 396 ,

131 399 180 456 Nil
197 418 318 471 unquam
335 400 421 455 invita
439 399 553 454 donabis
571 401 700 470 conjuge;
718 400 819 456 vendes

132 478 195 532 Hac
211 477 339 533 obstante
355 476 437 544 nihil;
454 476 521 530 nihil
537 476 605 532 haec
621 478 645 531 si
660 478 736 533 nolet
753 481 866 534 emetur.

132 555 210 610 Haec
228 554 305 610 dabit
322 554 447 619 affectum
465 553 512 608 ille
530 554 693 610 excludatur
710 555 811 610 amicus

131 632 197 690 Jam
214 632 310 700 senior,
328 630 406 700 cujus
424 629 539 684 barbam
555 635 605 686 tua
616 631 703 700 janua
719 631 796 687 vidit
946 649 984 690 21⁵

131 707 261 764 laetandi
279 723 363 777 quum
381 706 418 762 sit
434 706 577 760 lenonibus
594 711 677 776 atque
695 707 800 764 lanistis

130 784 257 840 Libertas
274 788 303 839 et
317 783 389 852 juris
406 783 481 837 idem
498 783 639 852 contingat
657 801 761 853 arenae,

130 861 157 916 N
159 878 194 916 on
211 877 281 915 unns
298 860 350 916 tibi
367 859 460 914 rivalis
477 859 628 914 dictabitur
644 860 731 916 heres.

130 937 228 992 “Pone
245 953 354 992 emnem
371 935 475 991 servo.”
511 936 634 991 “Memit
652 954 706 1007 quo
722 937 837 994 crimine
853 956 949 997 servus

130 1013 317 1084 Suppliciuml
335 1013 396 1083 quis
406 1012 488 1068 testis
499 1013 595 1068 adesti
613 1015 674 1083 quis
686 1013 804 1070 detulitl
835 1017 926 1074 Audi:
944 1033 970 1073 m

129 1090 213 1146 Nulla
230 1106 351 1160 unquam
369 1091 404 1144 de
421 1094 511 1145 morte
527 1089 644 1145 hominis
662 1092 799 1146 cunctatio
815 1092 896 1163 longa
912 1095 980 1152 esu’

129 1167 173 1222 “O
192 1167 313 1237 demens,
331 1167 371 1222 ita
388 1183 482 1222 servus
500 1167 581 1221 homo
599 1170 658 1223 esti
675 1168 714 1222 nil
732 1168 838 1239 fecerit,
857 1157 932 1230 osto:

129 1243 191 1300 Hoc
208 1244 276 1314 volo,
295 1243 335 1300 sio
348 1243 442 1314 jubeo,
461 1243 497 1299 sit
514 1261 565 1314 pro
582 1244 690 1300 ratione
708 1244 855 1302 voluntem

129 1321 254 1391 Imperat
271 1338 336 1390 ergo
353 1321 425 1376 viro:
444 1319 493 1375 sed
510 1336 573 1374 mox
592 1321 660 1376 haec
677 1339 763 1391 regna
778 1322 909 1394 relinquit

129 1397 329 1468 Permutatque
347 1397 441 1452 domos
459 1399 488 1451 et
505 1396 604 1452 flames
620 1399 749 1454 conterit:
767 1399 833 1455 inde
940 1415 979 1456 ms

129 1474 231 1530 Arolat
248 1479 277 1530 et
294 1475 381 1544 spreti
398 1474 501 1544 repetit
518 1474 635 1544 vestigia
650 1475 720 1530 lecti

129 1550 248 1606 Ornatas
264 1551 346 1621 paulo
364 1555 428 1605 aute
445 1550 525 1617 fores,
541 1551 692 1621 pendentia
708 1552 809 1622 linquit

115 1626 200 1682 'Vela
216 1628 314 1682 domus
331 1630 361 1682 et
378 1625 466 1680 adhuc
483 1626 586 1682 virides
604 1629 632 1682 in
650 1627 743 1682 limine
760 1645 857 1686 ramos.

129 1703 175 1761 Sic
192 1703 289 1760 crescit
304 1719 448 1758 numerus:
467 1703 506 1758 sic
521 1703 592 1759 fiunt
608 1707 670 1759 octo
687 1703 779 1759 mariti

129 1781 254 1851 Quinque
271 1798 322 1853 per
338 1785 496 1838 autumnos:
513 1781 595 1836 titulo
609 1797 655 1836 res
672 1781 755 1850 digna
771 1783 898 1853 sepulcri.
1054 1783 1055 1818 l

164 1857 343 1930 Desperanda
360 1857 413 1912 tibi
432 1857 506 1912 salva
525 1858 672 1912 concordia
689 1874 775 1914 socru

128 1935 182 1992 llla
200 1935 281 1990 docet
298 1933 391 2002 spoliis
408 1933 476 1988 nudi
494 1933 616 2003 gaudere
634 1933 739 2000 mariti;

128 2013 182 2069 Illa
200 2012 288 2082 docet,
305 2011 395 2066 missis
413 2028 430 2065 a
448 2015 609 2082 corruptore
626 2011 742 2079 tabellis,

127 2089 176 2146 Nil
194 2088 263 2144 rude
280 2105 332 2144 nec
350 2089 466 2157 simplex
484 2087 651 2154 rescribere;
670 2088 771 2158 decipit
788 2088 835 2144 illa

128 2165 264 2223 (lustodes
281 2169 330 2221 aut
346 2179 411 2219 aere
429 2163 535 2219 domat:
554 2168 621 2219 tunc
640 2180 752 2234 corpore
770 2159 846 2220 sano'
942 2181 967 2224 ts
1049 2167 1050 2212 l

128 2243 255 2299 Adrooet
274 2241 448 2310 Archigenen
465 2256 634 2311 onerosaque
651 2241 734 2310 pallia
748 2240 846 2311 jactet

128 2319 251 2376 Abditus
268 2319 373 2374 interea
390 2317 461 2373 latet
479 2321 508 2372 et
526 2320 649 2372 secretus
666 2316 783 2387 adulter,

128 2395 334 2466 impatiensque
351 2410 445 2449 morae
462 2397 546 2464 pavet
562 2396 593 2449 et
610 2394 754 2464 praeputia
772 2395 856 2452 ducit

128 2471 237 2528 Scilicet
254 2475 396 2542 exspectes
414 2474 447 2526 nt
464 2471 559 2525 tradat
577 2473 667 2526 mater
684 2469 813 2526 honestos

128 2551 223 2618 Atque
242 2547 308 2603 alios
326 2563 416 2602 mores
435 2563 517 2616 quam
535 2563 604 2616 quos
622 2546 719 2602 habet:
737 2547 805 2604 utile
823 2565 907 2620 porro
938 2565 976 2609 alo

128 2624 254 2681 Filiolam
271 2624 347 2693 turpi
365 2623 475 2679 vetulae
495 2623 647 2692 producere
667 2625 784 2693 turpem.

166 2701 249 2756 Nulla
266 2701 324 2756 fere
342 2715 423 2755 causa
441 2699 532 2755 estin
551 2716 606 2770 qna
623 2716 677 2754 non
695 2699 797 2756 femina
813 2699 893 2758 litem

126 2777 254 2834 Morerit
288 2779 411 2833 Accusat
429 2776 543 2832 Manilia
562 2777 585 2831 si
603 2793 652 2831 rea
669 2793 723 2830 non
741 2779 792 2832 est

128 2855 300 2923 (lomponunt
319 2853 396 2923 ipsae
415 2871 465 2924 per
485 2869 515 2908 se
533 2855 708 2926 formantque
721 2850 835 2922 libellos,

127 2929 295 2998 Principium
313 2933 397 2998 atque
415 2929 489 2984 locos
508 2929 587 2985 Celso
605 2928 710 2984 dicare
727 2933 851 2998 paratae.
922 2945 975 2992 im

162 3004 344 3060 Endromidas
361 3005 456 3074 'l‘yrias
473 3010 503 3061 et
520 3006 667 3061 femineum
685 3019 794 3060 ceroma

129 3081 195 3148 Quis
213 3081 317 3137 nescitl
335 3080 378 3135 rel
397 3082 459 3151 quis
476 3097 531 3136 non
549 3081 621 3138 vidit
639 3082 751 3137 vulnera
767 3080 841 3149 palii

128 3158 217 3226 Quem
234 3159 313 3214 caret
331 3156 448 3214 assiduis
466 3158 580 3214 sudibus
598 3164 730 3235 scutoque
748 3155 866 3229 lacessit,
