2164 3536
107 80 138 128 m
341 75 374 128 ιι.
392 47 498 128 suun
513 75 721 128 ruvuunms

106 164 197 233 Isidis,
215 163 329 236 antiquo
347 175 418 254 quae
435 162 562 235 proxima
578 165 667 234 surgit
684 161 790 220 Οιιιι.

107 241 203 297 Gredit
220 241 294 296 enim
311 242 396 312 ipsius
413 241 539 296 dominae
556 257 587 296 so
603 257 670 296 soca
686 237 836 307 moueri·-
923 251 964 295 sas

107 318 150 372 llu
167 318 286 374 animam
304 323 333 374 et
350 322 471 372 mentem
487 309 553 377 cairi
568 335 624 387 qua
640 317 670 372 di
686 323 767 372 nocta
784 317 950 386 loquantur!

107 395 181 462 Ilrgo
197 393 241 448 hic
258 393 434 464 praecipuum
452 388 642 463 summumque
659 398 782 448 merctur
797 393 961 458 honoram,

78 497 80 502 ·
108 471 161 536 Qui
178 487 262 540 grege
279 469 394 540 linigero
410 469 595 526 circumdatus
612 474 642 526 et
658 486 744 538 grege
760 469 838 524 calvo

108 547 266 616 Plangentia
282 547 377 618 populi
393 547 480 602 currit
498 546 605 602 derisor
623 546 741 602 Anubis.

108 623 161 678 Ille
178 623 250 693 petit
267 623 382 692 veniam,
400 623 508 693 quoties
525 639 579 696 non
597 623 717 678 abstinet
734 637 805 678 uxor
927 633 966 678 ιιι

109 701 262 764 Concubitu
279 701 362 754 sacris
380 699 611 769 observandisque
629 699 733 768 diebus,

108 778 264 847 Magnaque
282 777 402 846 debetur
418 776 519 832 violato
536 793 625 846 poena
641 776 767 844 cadurco,

109 854 146 908 Et
163 855 279 908 movisse
297 857 379 922 caput
397 853 455 908 risa
472 856 516 906 est
533 857 665 921 argentea
683 869 809 923 sameas:

109 929 188 984 Illius
204 930 333 984 lacrimae
350 929 539 998 meditataque
556 943 697 984 murmura
713 930 858 998 praestant

109 1007 150 1069 Ut
166 1007 274 1060 veniam
292 1005 390 1075 culpae
406 1021 460 1058 non
478 1004 583 1061 abnuat
599 1021 696 1060 ansere
712 1019 813 1073 magno
928 1017 966 1062 ιιι

109 1082 218 1138 Scilicet
236 1085 265 1137 et
281 1082 358 1136 tonui
376 1098 484 1152 popano
502 1087 648 1152 corruptus
665 1081 759 1136 Osiris.
881 1078 883 1082 ’

144 1159 234 1226 Quum
252 1158 331 1213 dedit
347 1158 393 1214 illo
410 1158 506 1228 locum,
524 1157 641 1229 cophino
657 1159 792 1228 faenoque
808 1156 908 1212 relicto

110 1237 248 1292 Arcenam
265 1235 375 1294 ‚Iudaea
391 1200 514 1292 tremanh
530 1234 696 1291 mendicat
687 1252 716 1289 ιιι
734 1250 837 1301 aurem,

111 1313 253 1384 Interpres
269 1313 361 1382 legum
379 1313 548 1381 Solymarum
565 1315 595 1368 et
612 1327 711 1381 magna
729 1309 857 1367 sacerdos

110 1391 226 1456 Arboris
243 1407 275 1444 ac
293 1390 391 1444 summi
408 1388 465 1444 lida
481 1389 652 1445 internuntia
667 1388 752 1454 cacli3
929 1399 967 1442 aas

111 1467 213 1536 Implet
231 1469 260 1521 ct
276 1466 324 1520 illa
340 1482 458 1532 manum,
475 1466 526 1520 sed
542 1466 666 1534 parcius:
683 1481 747 1520 aare
763 1462 871 1519 minuto

112 1543 314 1611 Qualiacunquc
331 1541 406 1596 voles
423 1541 526 1596 Judaai
543 1541 649 1596 somnia
665 1541 796 1606 vendunt

145 1618 268 1689 Spondet
285 1621 435 1672 amatorem
452 1620 580 1672 tenerum
596 1617 642 1673 val
659 1617 752 1672 divitis
769 1615 830 1671 orbi

111 1695 317 1750 Testamentum
333 1693 437 1762 ingens,
453 1694 559 1750 calidae
574 1693 703 1764 pulmone
719 1693 862 1748 columbae

111 1773 247 1838 'l'ractatq
266 1770 413 1825 Armenius
430 1770 474 1825 vel
493 1771 692 1839 Commagenus
709 1769 860 1842 haruspex:
930 1785 966 1826 sao

112 1849 230 1904 Pectora
246 1846 382 1916 pullorum
399 1846 551 1914 rimabitur,
570 1850 636 1902 exta
652 1847 751 1915 catelli,

113 1925 257 1980 Interdum
275 1925 305 1978 et
322 1923 413 1991 pueri:
430 1923 519 1986 faciet
537 1922 612 1990 quod
629 1921 737 1978 deferat
753 1923 820 1993 ipse.

147 2001 291 2056 Chaldaeis
308 1999 358 2062 sed
375 1999 465 2068 major
481 1999 535 2054 erit
551 1998 666 2056 fiducia:
684 1999 822 2069 quidquid

112 2077 221 2132 Dixerit
238 2075 390 2144 astrologus
406 2075 521 2130 credent
537 2091 555 2130 a
571 2075 649 2130 fonte
665 2075 783 2130 relatum

113 2153 290 2218 llammonis;
306 2152 433 2222 quoniam
451 2151 568 2222 Delphis
585 2151 695 2208 oracula
711 2153 820 2208 cessam
930 2165 966 2207 ass

113 2231 151 2286 iit
166 2247 253 2298 geum
270 2195 419 2282 humanum
437 2227 551 2284 damnat
568 2227 655 2318 caligo
671 2227 765 2284 futuri

113 2307 279 2376 Praecipuus
295 2309 389 2360 tamen
407 2308 451 2360 est
467 2303 565 2360 horum
583 2304 631 2374 qui
648 2303 757 2374 saepius
772 2301 857 2370 exsul,

113 2383 200 2454 Cujus
217 2382 339 2437 amicitia
355 2381 589 2450 conducendaque
606 2379 710 2438 tabella

112 2459 269 2529 Magnus
247 2459 312 2513 uuis
329 2456 389 2512 obit
406 2461 436 2514 et
452 2457 615 2512 formidatus
631 2455 742 2515 Othoni.

114 2535 184 2590 lude
201 2535 270 2590 fides
287 2533 364 2601 artis,
383 2533 475 2588 sonuit
492 2532 515 2586 si
533 2531 649 2588 dextera
665 2533 738 2588 iano
930 2547 967 2588 sor

113 2611 265 2682 hecusque,
283 2611 307 2666 si
323 2611 404 2678 longo
420 2610 572 2664 castrorum
588 2608 618 2664 in
635 2625 744 2666 carcere
760 2608 869 2664 mansit.

113 2689 202 2742 Nemo
219 2686 428 2742 mathematicus
445 2684 557 2754 genium
573 2684 748 2742 indemnatus
764 2684 887 2754 habebit,

114 2764 170 2820 Sed
188 2763 236 2834 qui
253 2780 340 2833 paene
357 2762 437 2832 perit,
453 2761 497 2818 oui
514 2762 560 2818 rix
577 2762 606 2818 in
620 2761 744 2832 Cyclada
760 2761 835 2816 mitti

114 2839 238 2908 Contigit
254 2842 285 2893 et
301 2855 386 2910 parra
402 2837 516 2894 tandem
533 2838 654 2896 caurissa
672 2837 796 2908 Seripho.

115 2915 238 2977 Oonurlit
254 2914 382 2970 ictericae
399 2914 474 2968 lento
492 2914 528 2970 dc
546 2915 643 2970 funere
659 2915 766 2982 matris,
932 2928 968 2971 ιιι

114 2994 191 3046 Ante
208 2994 302 3044 tamen
319 2990 367 3043 de
372 2994 409 3056 te,
428 2989 561 3058 Tanaquil
578 2993 643 3056 tua;
659 2990 769 3058 quando
786 3005 909 3046 sororem

114 3067 219 3120 Efferat
236 3069 266 3119 et
283 3068 411 3135 patruos;
428 3080 463 3116 an
482 3065 519 3117 sit
536 3065 659 3120 victuma
676 3065 802 3120 adulter

119 3141 206 3198 w'‘ost
198 3157 294 3214 ipsam,
313 3139 384 3212 quid
397 3138 471 3194 anim
488 3137 577 3210 majus
595 3139 663 3198 dare
679 3141 793 3199 numina
807 3143 971 3215 possuntt
