2126 3532
115 117 146 171 '88
346 121 379 171 D.
396 120 416 168 J
418 119 505 169 UNlI
520 121 540 169 J
544 121 731 172 UVENALIS

113 211 178 264 Mox
196 208 354 280 acquirendi
373 210 454 264 docet
470 208 623 264 insatiabile
639 213 740 268 votum.
934 229 970 272 15

113 287 257 341 Servorum
275 290 386 340 ventres
404 285 496 340 modio
514 285 630 354 castigat
646 285 745 356 iniquo,

113 364 178 433 Ipse
187 381 294 433 quoque
302 363 531 432 esurionszneqne
541 363 613 416 enim
620 364 710 418 omnia
717 363 840 422 sustinet
846 383 968 438 nuquam

112 439 222 494 Mucida
239 439 356 494 caerulei
374 438 452 508 panis
470 455 628 493 consumere
645 439 740 508 inmte,

112 517 279 572 Hesternum
297 517 392 570 solitus
411 516 501 570 medio
519 529 628 571 servare
646 517 761 574 minutal

110 593 271 664 Septembri,
289 609 339 647 nec
356 609 410 646 non
429 591 539 647 differre
556 593 585 646 in
602 597 728 664 tempora
745 610 849 650 coouae
931 611 968 652 iao

111 670 235 724 Alterius
252 669 382 724 conchem
400 669 533 724 aestivam
551 685 612 723 cum
630 673 709 738 porte
726 671 826 726 lacerti

110 747 249 814 Signatum
267 747 312 800 vel
330 746 444 800 dimidio
461 747 591 816 putrique
609 746 699 815 siluro,

110 822 224 892 Filaque
241 823 336 877 sectivi
353 827 497 878 numerata
513 823 654 878 includere
671 824 754 892 porri

110 899 247 954 Invitatus
264 901 300 954 ad
319 901 386 954 haec
405 901 503 970 uliquis
522 900 659 970 deponis
676 900 798 970 negabit

110 975 165 1030 Sed
183 993 237 1044 quo
257 977 366 1030 divitius
384 977 452 1031 haec
470 993 521 1047 per
538 979 677 1031 tormenta
693 981 810 1046 cocum,
930 995 964 1038 iao

109 1053 198 1117 Quum
214 1053 290 1108 furor
301 1053 376 1120 haud
390 1053 497 1122 dubius,
510 1069 595 1124 quum
606 1053 642 1107 sit
653 1053 799 1109 manifesto
809 1055 963 1127 phrenesis,

107 1129 148 1184 Ut
165 1130 285 1200 locuples
304 1131 428 1184 moriaris
447 1131 553 1200 egentis
571 1130 662 1184 vivere
678 1130 754 1185 iatol

107 1206 219 1260 interea
236 1207 317 1276 pleno
337 1225 421 1277 quum
440 1211 534 1276 turget
552 1205 675 1261 cumulus
692 1223 749 1276 ore,

107 1282 213 1338 Crescit
231 1301 308 1337 amor
325 1284 429 1338 nummi
447 1287 579 1353 quantum
597 1283 657 1352 ipsa
673 1283 791 1353 pectmia
808 1285 900 1340 crevit
909 1308 917 1352 ;

107 1359 143 1412 Et
155 1360 244 1413 minus
256 1359 325 1414 hanc
338 1363 416 1430 optat
429 1360 477 1430 qui
491 1376 544 1414 non
556 1359 648 1414 habet.
685 1360 759 1428 Ergo
771 1365 888 1427 paratur
927 1377 962 1418 no

107 1435 206 1490 Altera
223 1437 288 1491 villa
304 1436 356 1491 tibi
375 1453 459 1506 quum
477 1453 524 1490 rus
541 1443 595 1490 non
613 1436 712 1491 sufficit
729 1451 822 1505 unum,

105 1514 142 1568 llt
158 1515 281 1584 proferre
299 1515 367 1570 libet
385 1515 462 1583 finos,
479 1514 622 1584 majorque
638 1514 749 1568 videtur

105 1590 142 1644 llt
159 1591 254 1644 melior
271 1592 359 1646 vicina
377 1607 469 1658 seges:
485 1591 615 1644 mercaris
632 1595 663 1645 et
679 1589 749 1644 hanc
767 1592 797 1645 ct

106 1666 230 1722 Arbusta
247 1671 276 1723 et
294 1668 380 1722 densa
398 1672 519 1722 montem
538 1667 586 1736 qui
603 1671 684 1722 canet
702 1667 781 1721 oliva.

105 1743 226 1808 Quorum
245 1744 268 1798 si
285 1745 375 1814 pretio
394 1743 519 1798 dominus
536 1761 591 1798 non
607 1743 725 1798 vincitur
742 1743 805 1812 ullo,
924 1759 960 1800 145

104 1821 130 1874 N
132 1824 193 1876 octe
210 1820 294 1876 boves
311 1821 396 1886 macri
411 1821 537 1890 lassoque
554 1821 678 1875 famelica
694 1819 764 1874 collo

104 1895 236 1952 Jumenta
253 1897 289 1951 ad
306 1897 408 1950 virides
426 1896 507 1965 hujus
525 1896 675 1951 mittuntur
694 1897 807 1963 aristas;
885 1929 886 1934 κ

103 1971 130 2026 N
131 1989 162 2027 ec
179 1973 256 2044 prius
272 1969 337 2028 inde
354 1973 466 2027 domum
484 1990 566 2043 quam
583 1976 644 2028 tcta
660 1971 767 2027 novalia
783 1983 881 2030 saevos

39 2099 43 2107 .
104 2049 138 2104 In
155 2053 266 2105 ventres
284 2051 392 2119 abeant,
410 2053 443 2104 ut
460 2050 556 2104 credas
572 2049 688 2104 falcibus
706 2053 804 2106 actum.
1039 2077 1040 2108 ι

103 2124 201 2180 Dicere
218 2126 264 2180 vix
281 2127 368 2196 possis
387 2143 470 2196 quam
486 2126 567 2180 multi
585 2125 651 2180 talia
668 2123 786 2194 plorent,
899 2155 901 2158 ·
921 2141 957 2184 1⁵0
1039 2137 1040 2140 ’

103 2202 139 2256 Et
157 2205 225 2272 quot
242 2203 352 2258 venales
369 2202 472 2271 injuria
489 2203 585 2257 feeerit
603 2217 689 2270 agros

103 2279 158 2334 Sed
175 2280 222 2350 qui
240 2285 392 2334 sermones!
403 2295 495 2356 „quam
513 2279 610 2333 foedae
628 2278 741 2332 buccina
757 2279 862 2334 samael

103 2355 196 2422 “Quid
208 2360 289 2410 nocet
300 2357 405 2411 haecl”
416 2357 514 2426 inquit.
544 2353 693 2410 “Tunicam
705 2353 773 2408 mihi
784 2355 856 2409 malo
868 2355 954 2426 lupini
1039 2363 1040 2368 ’

103 2430 190 2496 Quam
206 2433 229 2486 si
247 2437 368 2488 metato
386 2433 481 2488 laudet
499 2433 597 2488 vicinia
613 2447 684 2502 pago

102 2508 201 2577 Exigui
218 2509 290 2564 ruris
307 2510 470 2580 paucissima
487 2510 563 2564 ferra
580 2505 742 2566 cessantem?³
919 2521 954 2562 1⁵5

102 2583 210 2641 Scilicet
228 2589 257 2640 et
274 2586 377 2641 morbis
394 2591 424 2643 et
440 2588 584 2646 debilitate
601 2583 707 2640 carebis

102 2661 139 2716 Et
155 2662 260 2717 luctum
278 2667 308 2718 et
325 2679 418 2718 curem
436 2664 555 2732 effugies,
575 2666 605 2718 et
622 2665 747 2731 tempora
763 2661 838 2716 vitae
897 2709 899 2713 .

102 2737 196 2809 Longa
212 2738 264 2794 tibi
274 2743 344 2810 post
360 2740 427 2795 hoec
445 2741 503 2796 lato
520 2739 633 2795 meliore
651 2736 797 2806 dabuntur,

102 2815 131 2870 si
147 2820 255 2871 tentum
273 2817 339 2871 culti
356 2817 429 2872 solus
446 2816 607 2888 possederis
618 2815 676 2884 egri

102 2891 240 2957 Quantum
258 2888 308 2947 s'ub
326 2893 404 2948 Tatio
420 2894 537 2964 populus
555 2893 695 2946 Mmanus
713 2888 818 2946 arabat
914 2904 951 2948 ιω

102 2967 168 3020 Mox
185 2969 269 3021 etiam
286 2969 380 3022 fractis
397 2973 489 3022 aetate
506 2985 538 3022 ac
557 2967 660 3021 Punica
676 2967 764 3036 passis

103 3040 210 3094 Proelia
226 3043 269 3095 vel
288 3041 422 3109 Pyrrhum
439 3044 584 3098 immanem
601 3042 760 3112 gladiosque
777 3032 912 3096 Molossos

102 3113 223 3168 landem
240 3131 290 3183 pro
307 3117 399 3170 mviltis
417 3117 463 3171 vix
478 3118 577 3185 jugera
593 3119 659 3171 bina
677 3118 813 3171 dabantur

150 3188 277 3248 nerium.
302 3191 418 3245 vMerces
434 3191 502 3248 haec
518 3191 659 3260 sangvvinis
675 3196 759 3266 atque
775 3190 878 3248 laboris
