2126 3532
349 100 356 106 ”
419 107 550 156 SATIRA
567 107 590 158 1.
658 100 661 106 ’
889 105 940 158 105
1004 183 1006 188 ,

71 199 217 254 Scribitur
232 194 261 262 in
277 196 389 254 citreisl
422 195 547 250 Gelidum
565 195 616 250 scis
634 213 736 268 ponere
753 211 858 266 sumen,

71 275 139 330 Seis
157 274 286 329 comitem
304 271 475 328 horridulum
492 272 560 326 trita
577 272 681 328 donare
697 274 815 340 lacerna,

70 352 122 420 Et,
137 351 273 417 ‘Verum,’
285 350 383 419 inquis,
396 354 469 403 ‘arno
481 369 488 415 ;
504 365 599 403 verum
611 349 679 402 milri
691 350 775 405 dicite
787 350 823 404 de
834 349 894 404 me!
910 361 937 402 ⁶⁵

72 424 217 498 Quipdte'l
237 422 304 482 'vis
322 427 430 482 dicaml
446 427 564 495 nugaris,
582 443 644 481 cum
660 426 721 495 tibi,
740 427 822 492 calve,

71 503 194 574 Pinguis
212 503 381 573 aqualiculus
398 507 527 572 protenso
545 503 709 573 sesquipede
726 507 812 560 extet

71 581 100 634 Ο
120 581 201 644 June,
219 597 237 635 a
253 583 333 648 tergo
351 597 433 650 quern
451 581 526 635 nulla
543 580 646 634 ciconia
662 580 755 650 pinsit,
794 608 795 612 κ

72 657 138 713 Nec
156 673 263 716 manus¹
274 657 407 712 auriculas
425 657 527 712 imitari
544 656 653 710 mobilis
670 657 753 726 albas,

72 734 101 789 N
104 749 138 788 ec
155 733 265 804 linguae
283 738 417 804 quantum
435 732 511 789 sitiat
528 734 604 788 canis
622 733 715 803 Apula
731 737 847 790 tentum.
878 791 882 796 ,
910 749 936 792 eo

72 809 144 879 Vos,
162 827 180 864 o
196 809 329 881 patricius
347 811 465 880 sanguis,
484 827 553 881 quos
572 810 662 864 vivero
680 811 722 864 ses
740 815 785 866 est

73 885 198 956 Occipiti
216 903 303 954 caeco,
322 888 444 958 posticae
462 889 598 942 occurrite
617 891 732 944 sannae!

112 965 202 1030 “Quis
214 965 307 1034 populi
319 981 409 1019 sermo
416 968 459 1019 est
466 965 490 1020 l'¹
504 965 565 1033 quis
573 965 652 1030 enim,
662 963 714 1018 nisi
726 965 848 1020 carmina
859 963 934 1020 molli
1014 1004 1015 1008 ,

75 1041 160 1095 Nunc
178 1040 287 1095 demum
305 1057 419 1096 numero
437 1041 530 1109 fluere,
548 1045 581 1095 ut
599 1057 649 1111 per
666 1040 727 1095 leve
744 1055 854 1096 severos

74 1116 211 1172 Effundat
222 1115 355 1186 junctura
372 1119 494 1186 unguesl
513 1118 564 1172 scit
581 1117 697 1172 tendere
714 1131 825 1171 versum
909 1131 934 1174 et

76 1193 143 1248 Non
160 1209 239 1248 secus
256 1210 288 1248 ac
305 1194 327 1248 si
346 1194 424 1248 oculo
441 1195 577 1248 rubricam
596 1193 698 1262 diriget
715 1209 777 1247 uno.

76 1268 143 1329 Sive
161 1287 229 1340 opus
245 1270 274 1324 in
291 1287 389 1338 mores,
407 1271 436 1325 in
453 1271 548 1324 luxum
567 1273 597 1324 ct
614 1269 728 1338 prandia
745 1285 841 1337 regum

76 1347 188 1416 Dicere,
206 1363 250 1401 res
268 1348 387 1416 grandes
403 1350 497 1401 nostro
515 1346 564 1400 dat
582 1345 663 1400 Musa
680 1348 787 1414 poetae

76 1422 150 1477 Eece
168 1424 249 1477 medo
266 1423 364 1478 heroas
382 1439 476 1478 sensus
494 1423 591 1476 afferre
609 1421 734 1476 videmus

79 1497 186 1566 Nugari
204 1499 297 1554 solitos
317 1500 429 1568 Graece,
446 1515 497 1554 noc
514 1515 617 1569 ponere
634 1498 726 1553 lucum
905 1515 930 1556 7ο

80 1575 218 1642 Artifices,
236 1593 352 1637 necrus
370 1580 493 1631 saturum
511 1575 632 1642 laudare,
643 1574 691 1629 ubi
708 1575 805 1632 corbes

80 1649 118 1706 Et
135 1651 210 1706 locris
228 1657 257 1707 et
274 1654 350 1726 porci
367 1657 398 1708 et
414 1653 521 1708 fumosa
539 1652 636 1707 Palilia
652 1653 745 1717 loen03

80 1727 163 1782 Unde
181 1728 290 1798 Remus,
304 1730 432 1799 sulcoque
450 1733 543 1784 terens
561 1728 689 1796 dentalia,
704 1727 806 1798 Quinti,

80 1805 150 1860 (lum
166 1805 276 1873 trepida
293 1809 358 1860 ante
376 1805 458 1860 boves
476 1805 641 1860 dictatorem
658 1805 748 1859 induit
764 1820 840 1870 uxor,

80 1881 118 1936 Et
134 1885 183 1935 tue
200 1886 294 1936 aratra
309 1882 420 1936 domum
438 1883 519 1936 lictor
536 1881 608 1936 tulit.
644 1881 727 1949 Euge,
741 1885 837 1951 poete!
909 1892 935 1937 π

81 1959 131 2012 llst
148 1970 220 2012 nunc
239 1959 328 2012 Brisei
346 1975 428 2027 quern
446 1975 562 2012 venosus
580 1957 650 2012 liber
669 1957 745 2025 Acci,

81 2035 150 2090 Sunt
168 2049 235 2102 quos
255 2035 442 2104 Pacuviusque
460 2039 490 2089 et
507 2050 651 2090 verrucosa
668 2037 792 2090 moretur

83 2109 208 2180 Antiopa
226 2113 373 2165 acruotaio
391 2127 440 2166 eor
461 2111 641 2177 luctificabile
655 2109 744 2176 suita.

82 2187 140 2242 Hcs
157 2187 251 2258 pueris
268 2188 388 2242 monitus
405 2192 498 2257 patres
516 2185 661 2241 infundere
679 2187 767 2260 lippos

83 2263 150 2322 eum
168 2263 268 2331 videas,
287 2265 432 2334 quaerisne
450 2263 524 2318 unde
541 2263 609 2318 haec
627 2269 737 2334 sartago
754 2266 884 2334 loquendi
907 2276 933 2320 et

83 2339 196 2395 Venerit
212 2340 242 2394 iu
259 2341 380 2409 lingnam
398 2340 472 2396 unde
488 2340 565 2396 istud
582 2339 710 2409 dedecus,
728 2341 757 2395 in
775 2359 831 2412 quo

83 2417 224 2471 Trossulus
243 2417 364 2472 exsultat
381 2417 433 2472 tibi
451 2433 501 2488 per
519 2416 648 2472 subsellio
664 2417 748 2474 levisl

82 2493 161 2549 Nilne
178 2493 267 2564 pudet
285 2494 369 2564 capiti
386 2511 440 2548 non
458 2511 539 2564 posse
556 2495 676 2564 pericula
695 2511 763 2550 cano

84 2569 193 2639 Pellene,
206 2570 278 2640 'quin
296 2570 422 2640 tepidum
439 2571 491 2626 hoc
509 2573 587 2640 optes
605 2570 700 2626 audire
713 2572 879 2626 oncnrnnel

83 2647 192 2720 Fures,
210 2647 251 2702 ait
270 2647 364 2703 Pedio.
402 2647 504 2703 Pedius
522 2647 607 2716 quidl
624 2647 738 2702 crimine
755 2647 824 2703 rasis
909 2661 935 2702 se

83 2723 173 2781 Librat
190 2723 217 2781 in
236 2725 387 2793 antithetis,
404 2725 502 2780 doctus
519 2726 642 2796 posuisse
659 2725 766 2793 figuras.

83 2799 935 2869 Laudatur:-bcllumhoc·!-·hocbellumlan,[temulecevesl

84 2877 153 2931 Men’
170 2880 296 2934 moventi
314 2879 417 2952 quippe
428 2883 458 2934 et
475 2882 569 2934 cantet
587 2879 610 2932 si
627 2878 776 2947 naufragus
794 2893 883 2932 assem

84 2953 251 3010 Protulerinr.
289 2954 391 3010 Cantas
409 2972 471 3010 cum
489 2957 623 3028 tractate
640 2955 668 3009 in
685 2954 766 3009 trube
782 2953 888 3024 pictum

86 3029 126 3090 llx
141 3031 254 3086 humero
271 3033 385 3102 portasi
422 3033 526 3086 Verum
545 3049 596 3087 nec
613 3035 694 3087 nocte
712 3031 842 3102 peretum
910 3041 937 3084 eo

87 3104 204 3162 Plorabit
221 3108 268 3176 qui
285 3125 330 3162 me
347 3108 422 3163 volet
438 3107 594 3162 incurvasse
612 3108 730 3176 querela.

117 3181 192 3238 “Sed
209 3185 329 3238 numeris
348 3182 431 3240 decor
448 3188 492 3239 est
510 3186 539 3238 et
551 3183 684 3251 junctura
701 3181 799 3238 addita
816 3179 914 3238 crudis.
