<?xml version="1.0" encoding="UTF-8"?>
<!DOCTYPE html PUBLIC "-//W3C//DTD XHTML 1.0 Transitional//EN"
    "http://www.w3.org/TR/xhtml1/DTD/xhtml1-transitional.dtd">
<html xmlns="http://www.w3.org/1999/xhtml" xml:lang="en" lang="en">
 <head>
  <title>
</title>
<meta http-equiv="Content-Type" content="text/html;charset=utf-8" />
  <meta name='ocr-system' content='tesseract 3.04.00' />
  <meta name='ocr-capabilities' content='ocr_page ocr_carea ocr_par ocr_line ocrx_word'/>
</head>
<body>
  <div class='ocr_page' id='page_1' title='image "./deciijuniijuven01persgoog_0129.png"; bbox 0 0 2164 3536; ppageno 0'>
   <div class='ocr_carea' id='block_1_1' title="bbox 126 117 745 177">
    <p class='ocr_par' dir='ltr' id='par_1_1' title="bbox 126 117 745 177">
     <span class='ocr_line' id='line_1_1' title="bbox 126 117 745 177; baseline 0.006 -12"><span class='ocrx_word' id='word_1_1' title='bbox 126 117 159 166; x_wconf 65' lang='lat'><strong>60*</strong></span> <span class='ocrx_word' id='word_1_2' title='bbox 361 119 393 168; x_wconf 89' lang='grc' dir='ltr'><strong>Ι).</strong></span> <span class='ocrx_word' id='word_1_3' title='bbox 412 119 518 177; x_wconf 76' lang='lat' dir='ltr'>JUNII</span> <span class='ocrx_word' id='word_1_4' title='bbox 535 119 745 172; x_wconf 83' lang='lat' dir='ltr'><strong>JUVENALIS</strong></span> 
     </span>
    </p>
   </div>
   <div class='ocr_carea' id='block_1_2' title="bbox 61 205 980 663">
    <p class='ocr_par' dir='ltr' id='par_1_2' title="bbox 124 205 980 355">
     <span class='ocr_line' id='line_1_2' title="bbox 124 205 907 280; baseline 0.005 -18"><span class='ocrx_word' id='word_1_5' title='bbox 124 205 193 276; x_wconf 87' lang='lat' dir='ltr'><strong>Spes</strong></span> <span class='ocrx_word' id='word_1_6' title='bbox 211 211 348 278; x_wconf 77' lang='lat' dir='ltr'><strong>superest:</strong></span> <span class='ocrx_word' id='word_1_7' title='bbox 367 207 402 263; x_wconf 87' lang='lat' dir='ltr'><strong>tu&#39;</strong></span> <span class='ocrx_word' id='word_1_8' title='bbox 416 211 525 263; x_wconf 84' lang='lat' dir='ltr'><strong>tantum</strong></span> <span class='ocrx_word' id='word_1_9' title='bbox 542 210 630 264; x_wconf 88' lang='lat' dir='ltr'><strong>eruois</strong></span> <span class='ocrx_word' id='word_1_10' title='bbox 647 211 772 280; x_wconf 84' lang='lat' dir='ltr'><strong>imprime</strong></span> <span class='ocrx_word' id='word_1_11' title='bbox 787 211 907 266; x_wconf 79' lang='lat' dir='ltr'><strong>dentem</strong></span> 
     </span>
     <span class='ocr_line' id='line_1_3' title="bbox 159 285 980 355; baseline 0.007 -17"><span class='ocrx_word' id='word_1_12' title='bbox 159 285 237 339; x_wconf 88' lang='lat' dir='ltr'><strong>Haeo</strong></span> <span class='ocrx_word' id='word_1_13' title='bbox 254 285 380 355; x_wconf 83' lang='lat' dir='ltr'><strong>exempla</strong></span> <span class='ocrx_word' id='word_1_14' title='bbox 396 301 465 355; x_wconf 83' lang='lat' dir='ltr'><strong>pura</strong></span> <span class='ocrx_word' id='word_1_15' title='bbox 481 285 616 340; x_wconf 81' lang='lat' dir='ltr'><strong>felicibus:</strong></span> <span class='ocrx_word' id='word_1_16' title='bbox 635 291 665 341; x_wconf 92' lang='lat' dir='ltr'><strong>at</strong></span> <span class='ocrx_word' id='word_1_17' title='bbox 681 303 743 341; x_wconf 88' lang='lat' dir='ltr'><strong>moa</strong></span> <span class='ocrx_word' id='word_1_18' title='bbox 761 287 860 342; x_wconf 88' lang='lat' dir='ltr'><strong>Clotho</strong></span> <span class='ocrx_word' id='word_1_19' title='bbox 943 302 980 344; x_wconf 63' lang='lat'><strong>15</strong></span> 
     </span>
    </p>

    <p class='ocr_par' dir='ltr' id='par_1_3' title="bbox 124 359 875 432">
     <span class='ocr_line' id='line_1_4' title="bbox 124 359 875 432; baseline 0.005 -18"><span class='ocrx_word' id='word_1_20' title='bbox 124 359 162 415; x_wconf 80' lang='lat' dir='ltr'><strong>m</strong></span> <span class='ocrx_word' id='word_1_21' title='bbox 179 361 307 414; x_wconf 75' lang='lat' dir='ltr'><strong>Lachesis</strong></span> <span class='ocrx_word' id='word_1_22' title='bbox 324 361 446 429; x_wconf 77' lang='lat' dir='ltr'>gaudent</span> <span class='ocrx_word' id='word_1_23' title='bbox 464 361 487 415; x_wconf 93' lang='lat' dir='ltr'><strong>si</strong></span> <span class='ocrx_word' id='word_1_24' title='bbox 504 362 626 432; x_wconf 83' lang='lat' dir='ltr'><strong>pasoitur</strong></span> <span class='ocrx_word' id='word_1_25' title='bbox 642 363 754 432; x_wconf 85' lang='lat' dir='ltr'><strong>inguine</strong></span> <span class='ocrx_word' id='word_1_26' title='bbox 770 367 875 418; x_wconf 83' lang='lat' dir='ltr'><strong>venter.</strong></span> 
     </span>
    </p>

    <p class='ocr_par' dir='ltr' id='par_1_4' title="bbox 125 435 802 509">
     <span class='ocr_line' id='line_1_5' title="bbox 125 435 802 509; baseline 0.006 -19"><span class='ocrx_word' id='word_1_27' title='bbox 125 435 149 490; x_wconf 92' lang='lat'>0</span> <span class='ocrx_word' id='word_1_28' title='bbox 166 436 243 504; x_wconf 76' lang='lat' dir='ltr'><strong>parvi</strong></span> <span class='ocrx_word' id='word_1_29' title='bbox 260 437 402 508; x_wconf 87' lang='lat' dir='ltr'><strong>nostrique</strong></span> <span class='ocrx_word' id='word_1_30' title='bbox 419 437 511 506; x_wconf 80' lang='lat' dir='ltr'><strong>Lares,</strong></span> <span class='ocrx_word' id='word_1_31' title='bbox 530 443 679 509; x_wconf 84' lang='lat' dir='ltr'><strong>questura</strong></span> <span class='ocrx_word' id='word_1_32' title='bbox 696 440 802 494; x_wconf 88' lang='lat' dir='ltr'><strong>minuto</strong></span> 
     </span>
    </p>

    <p class='ocr_par' dir='ltr' id='par_1_5' title="bbox 61 513 844 584">
     <span class='ocr_line' id='line_1_6' title="bbox 61 513 844 584; baseline 0.008 -19"><span class='ocrx_word' id='word_1_33' title='bbox 61 549 66 559; x_wconf 79' lang='grc'><strong>.</strong></span> <span class='ocrx_word' id='word_1_34' title='bbox 125 513 185 566; x_wconf 83' lang='lat' dir='ltr'><strong>Aut</strong></span> <span class='ocrx_word' id='word_1_35' title='bbox 200 513 274 568; x_wconf 83' lang='lat' dir='ltr'><strong>farre</strong></span> <span class='ocrx_word' id='word_1_36' title='bbox 291 517 321 568; x_wconf 85' lang='lat' dir='ltr'><strong>et</strong></span> <span class='ocrx_word' id='word_1_37' title='bbox 338 515 414 568; x_wconf 89' lang='lat' dir='ltr'><strong>tenui</strong></span> <span class='ocrx_word' id='word_1_38' title='bbox 432 515 505 570; x_wconf 88' lang='lat' dir='ltr'><strong>soleo</strong></span> <span class='ocrx_word' id='word_1_39' title='bbox 522 533 637 572; x_wconf 86' lang='lat' dir='ltr'><strong>exorare</strong></span> <span class='ocrx_word' id='word_1_40' title='bbox 654 533 761 584; x_wconf 77' lang='lat' dir='ltr'><strong>corona,</strong></span> <span class='ocrx_word' id='word_1_41' title='bbox 841 539 844 548; x_wconf 60' lang='lat'><strong>⁴</strong></span> 
     </span>
    </p>

    <p class='ocr_par' dir='ltr' id='par_1_6' title="bbox 125 589 969 663">
     <span class='ocr_line' id='line_1_7' title="bbox 125 589 969 663; baseline 0.006 -20"><span class='ocrx_word' id='word_1_42' title='bbox 125 589 239 655; x_wconf 79' lang='lat' dir='ltr'><strong>Quando</strong></span> <span class='ocrx_word' id='word_1_43' title='bbox 257 607 309 659; x_wconf 77' lang='lat' dir='ltr'><strong>ego</strong></span> <span class='ocrx_word' id='word_1_44' title='bbox 327 591 410 660; x_wconf 83' lang='lat' dir='ltr'><strong>figam</strong></span> <span class='ocrx_word' id='word_1_45' title='bbox 427 592 532 660; x_wconf 84' lang='lat' dir='ltr'><strong>aliquid</strong></span> <span class='ocrx_word' id='word_1_46' title='bbox 548 611 602 663; x_wconf 89' lang='lat' dir='ltr'><strong>quo</strong></span> <span class='ocrx_word' id='word_1_47' title='bbox 615 594 657 648; x_wconf 88' lang='lat' dir='ltr'><strong>sit</strong></span> <span class='ocrx_word' id='word_1_48' title='bbox 674 593 741 647; x_wconf 89' lang='lat' dir='ltr'><strong>mihi</strong></span> <span class='ocrx_word' id='word_1_49' title='bbox 758 595 823 650; x_wconf 86' lang='lat' dir='ltr'><strong>tuta·</strong></span> <span class='ocrx_word' id='word_1_50' title='bbox 839 595 969 648; x_wconf 82' lang='lat' dir='ltr'><strong>senectus</strong></span> 
     </span>
    </p>
   </div>
   <div class='ocr_carea' id='block_1_3' title="bbox 17 668 1075 816">
    <p class='ocr_par' dir='ltr' id='par_1_7' title="bbox 17 668 1075 816">
     <span class='ocr_line' id='line_1_8' title="bbox 123 668 978 738; baseline 0.006 -19"><span class='ocrx_word' id='word_1_51' title='bbox 123 668 151 719; x_wconf 85' lang='lat' dir='ltr'>A</span> <span class='ocrx_word' id='word_1_52' title='bbox 168 669 262 735; x_wconf 83' lang='lat' dir='ltr'><strong>tegete</strong></span> <span class='ocrx_word' id='word_1_53' title='bbox 280 670 309 722; x_wconf 89' lang='lat' dir='ltr'><strong>et</strong></span> <span class='ocrx_word' id='word_1_54' title='bbox 325 668 441 722; x_wconf 76' lang='lat' dir='ltr'><strong>baculo?</strong></span> <span class='ocrx_word' id='word_1_55' title='bbox 458 669 556 738; x_wconf 85' lang='lat' dir='ltr'><strong>viginti</strong></span> <span class='ocrx_word' id='word_1_56' title='bbox 572 670 658 724; x_wconf 85' lang='lat' dir='ltr'><strong>millia</strong></span> <span class='ocrx_word' id='word_1_57' title='bbox 675 671 754 724; x_wconf 85' lang='lat' dir='ltr'><strong>fenus</strong></span> <span class='ocrx_word' id='word_1_58' title='bbox 940 685 978 724; x_wconf 77' lang='lat' dir='ltr'><strong>rso</strong></span> 
     </span>
     <span class='ocr_line' id='line_1_9' title="bbox 17 740 1075 816; baseline 0.006 -20"><span class='ocrx_word' id='word_1_59' title='bbox 17 789 20 796; x_wconf 87' lang='grc'><em>,</em></span> <span class='ocrx_word' id='word_1_60' title='bbox 123 740 288 810; x_wconf 86' lang='lat' dir='ltr'><strong>Pignoribus</strong></span> <span class='ocrx_word' id='word_1_61' title='bbox 306 744 409 814; x_wconf 89' lang='lat' dir='ltr'><strong>positis,</strong></span> <span class='ocrx_word' id='word_1_62' title='bbox 429 746 536 812; x_wconf 83' lang='lat' dir='ltr'><strong>argenti</strong></span> <span class='ocrx_word' id='word_1_63' title='bbox 554 747 663 803; x_wconf 84' lang='lat' dir='ltr'><strong>vascula</strong></span> <span class='ocrx_word' id='word_1_64' title='bbox 681 747 745 816; x_wconf 88' lang='lat' dir='ltr'><strong>puri</strong></span> <span class='ocrx_word' id='word_1_65' title='bbox 1074 749 1075 760; x_wconf 59' lang='lat'>¹</span> 
     </span>
    </p>
   </div>
   <div class='ocr_carea' id='block_1_4' title="bbox 122 816 1075 1504">
    <p class='ocr_par' dir='ltr' id='par_1_8' title="bbox 124 816 886 890">
     <span class='ocr_line' id='line_1_10' title="bbox 124 816 886 890; baseline 0.009 -19"><span class='ocrx_word' id='word_1_66' title='bbox 124 816 179 872; x_wconf 88' lang='lat' dir='ltr'><strong>Sed</strong></span> <span class='ocrx_word' id='word_1_67' title='bbox 197 833 268 889; x_wconf 86' lang='lat' dir='ltr'><strong>quae</strong></span> <span class='ocrx_word' id='word_1_68' title='bbox 287 821 430 876; x_wconf 76' lang='lat' dir='ltr'>Fabricius</span> <span class='ocrx_word' id='word_1_69' title='bbox 451 821 553 876; x_wconf 78' lang='lat' dir='ltr'><strong>Censor</strong></span> <span class='ocrx_word' id='word_1_70' title='bbox 571 827 656 890; x_wconf 84' lang='lat' dir='ltr'><strong>notet,</strong></span> <span class='ocrx_word' id='word_1_71' title='bbox 678 826 708 878; x_wconf 88' lang='lat' dir='ltr'><strong>et</strong></span> <span class='ocrx_word' id='word_1_72' title='bbox 726 823 780 877; x_wconf 92' lang='lat' dir='ltr'><strong>duo</strong></span> <span class='ocrx_word' id='word_1_73' title='bbox 798 823 886 878; x_wconf 82' lang='lat' dir='ltr'><strong>fortes</strong></span> 
     </span>
    </p>

    <p class='ocr_par' dir='ltr' id='par_1_9' title="bbox 122 892 814 968">
     <span class='ocr_line' id='line_1_11' title="bbox 122 892 814 968; baseline 0.01 -21"><span class='ocrx_word' id='word_1_74' title='bbox 122 892 166 948; x_wconf 87' lang='lat' dir='ltr'><strong>Do</strong></span> <span class='ocrx_word' id='word_1_75' title='bbox 186 903 271 966; x_wconf 81' lang='lat' dir='ltr'><strong>grege</strong></span> <span class='ocrx_word' id='word_1_76' title='bbox 289 898 452 967; x_wconf 83' lang='lat' dir='ltr'><strong>Moesorum,</strong></span> <span class='ocrx_word' id='word_1_77' title='bbox 471 899 518 968; x_wconf 92' lang='lat' dir='ltr'><strong>qui</strong></span> <span class='ocrx_word' id='word_1_78' title='bbox 536 917 581 954; x_wconf 88' lang='lat' dir='ltr'><strong>mo</strong></span> <span class='ocrx_word' id='word_1_79' title='bbox 601 900 705 954; x_wconf 84' lang='lat' dir='ltr'><strong>cervice</strong></span> <span class='ocrx_word' id='word_1_80' title='bbox 723 899 814 954; x_wconf 82' lang='lat' dir='ltr'><strong>loeata</strong></span> 
     </span>
    </p>

    <p class='ocr_par' dir='ltr' id='par_1_10' title="bbox 122 969 785 1042">
     <span class='ocr_line' id='line_1_12' title="bbox 122 969 785 1042; baseline 0.008 -17"><span class='ocrx_word' id='word_1_81' title='bbox 122 969 255 1026; x_wconf 84' lang='lat' dir='ltr'><strong>Securum</strong></span> <span class='ocrx_word' id='word_1_82' title='bbox 271 973 388 1042; x_wconf 86' lang='lat' dir='ltr'><strong>jubeant</strong></span> <span class='ocrx_word' id='word_1_83' title='bbox 407 975 524 1030; x_wconf 83' lang='lat' dir='ltr'><strong>clamoso</strong></span> <span class='ocrx_word' id='word_1_84' title='bbox 542 975 668 1030; x_wconf 70' lang='lat' dir='ltr'><strong>insistere</strong></span> <span class='ocrx_word' id='word_1_85' title='bbox 688 976 785 1030; x_wconf 80' lang='lat' dir='ltr'><strong>Oirooi</strong></span> 
     </span>
    </p>

    <p class='ocr_par' dir='ltr' id='par_1_11' title="bbox 123 1046 975 1196">
     <span class='ocr_line' id='line_1_13' title="bbox 123 1046 975 1120; baseline 0.007 -18"><span class='ocrx_word' id='word_1_86' title='bbox 123 1046 166 1102; x_wconf 80' lang='lat' dir='ltr'><strong>Sit</strong></span> <span class='ocrx_word' id='word_1_87' title='bbox 183 1048 250 1103; x_wconf 91' lang='lat' dir='ltr'><strong>mihi</strong></span> <span class='ocrx_word' id='word_1_88' title='bbox 268 1054 412 1120; x_wconf 86' lang='lat' dir='ltr'><strong>praeterea</strong></span> <span class='ocrx_word' id='word_1_89' title='bbox 431 1067 529 1106; x_wconf 81' lang='lat' dir='ltr'><strong>currus</strong></span> <span class='ocrx_word' id='word_1_90' title='bbox 547 1053 673 1120; x_wconf 73' lang='lat' dir='ltr'><strong>metator,</strong></span> <span class='ocrx_word' id='word_1_91' title='bbox 694 1056 724 1107; x_wconf 87' lang='lat' dir='ltr'><strong>et</strong></span> <span class='ocrx_word' id='word_1_92' title='bbox 742 1053 813 1108; x_wconf 86' lang='lat' dir='ltr'><strong>alter</strong></span> <span class='ocrx_word' id='word_1_93' title='bbox 939 1067 975 1108; x_wconf 75' lang='lat'><strong>14⁵</strong></span> 
     </span>
     <span class='ocr_line' id='line_1_14' title="bbox 123 1123 825 1196; baseline 0.009 -18"><span class='ocrx_word' id='word_1_94' title='bbox 123 1123 176 1190; x_wconf 87' lang='lat' dir='ltr'><strong>Qui</strong></span> <span class='ocrx_word' id='word_1_95' title='bbox 194 1127 295 1182; x_wconf 82' lang='lat' dir='ltr'><strong>multas</strong></span> <span class='ocrx_word' id='word_1_96' title='bbox 313 1127 394 1182; x_wconf 80' lang='lat' dir='ltr'><strong>facies</strong></span> <span class='ocrx_word' id='word_1_97' title='bbox 412 1129 492 1196; x_wconf 80' lang='lat' dir='ltr'><strong>fingit</strong></span> <span class='ocrx_word' id='word_1_98' title='bbox 510 1128 577 1183; x_wconf 86' lang='lat' dir='ltr'><strong>cito:</strong></span> <span class='ocrx_word' id='word_1_99' title='bbox 599 1129 736 1184; x_wconf 84' lang='lat' dir='ltr'><strong>sufficiunt</strong></span> <span class='ocrx_word' id='word_1_100' title='bbox 750 1129 825 1196; x_wconf 81' lang='lat' dir='ltr'><strong>haec,</strong></span> 
     </span>
    </p>

    <p class='ocr_par' dir='ltr' id='par_1_12' title="bbox 122 1201 1075 1504">
     <span class='ocr_line' id='line_1_15' title="bbox 123 1201 974 1275; baseline 0.006 -19"><span class='ocrx_word' id='word_1_101' title='bbox 123 1201 238 1266; x_wconf 79' lang='lat' dir='ltr'><strong>Quando</strong></span> <span class='ocrx_word' id='word_1_102' title='bbox 256 1207 307 1272; x_wconf 74' lang='lat' dir='ltr'><strong>eigo</strong></span> <span class='ocrx_word' id='word_1_103' title='bbox 325 1220 499 1275; x_wconf 86' lang='lat' dir='ltr'><strong>pauperem.</strong></span> <span class='ocrx_word' id='word_1_104' title='bbox 536 1205 638 1260; x_wconf 87' lang='lat' dir='ltr'><strong>Votum</strong></span> <span class='ocrx_word' id='word_1_105' title='bbox 660 1204 822 1274; x_wconf 73' lang='lat' dir='ltr'><strong>miserabile,</strong></span> <span class='ocrx_word' id='word_1_106' title='bbox 840 1221 891 1260; x_wconf 87' lang='lat' dir='ltr'><strong>noe</strong></span> <span class='ocrx_word' id='word_1_107' title='bbox 911 1221 974 1275; x_wconf 81' lang='lat' dir='ltr'><strong>spes</strong></span> 
     </span>
     <span class='ocr_line' id='line_1_16' title="bbox 122 1276 908 1352; baseline 0.008 -21"><span class='ocrx_word' id='word_1_108' title='bbox 122 1276 175 1332; x_wconf 88' lang='lat' dir='ltr'><strong>His</strong></span> <span class='ocrx_word' id='word_1_109' title='bbox 193 1279 306 1334; x_wconf 88' lang='lat' dir='ltr'><strong>saltem:</strong></span> <span class='ocrx_word' id='word_1_110' title='bbox 328 1297 392 1335; x_wconf 90' lang='lat' dir='ltr'><strong>nam</strong></span> <span class='ocrx_word' id='word_1_111' title='bbox 411 1297 495 1350; x_wconf 90' lang='lat' dir='ltr'><strong>quum</strong></span> <span class='ocrx_word' id='word_1_112' title='bbox 513 1299 565 1352; x_wconf 92' lang='lat' dir='ltr'><strong>pro</strong></span> <span class='ocrx_word' id='word_1_113' title='bbox 584 1299 629 1336; x_wconf 89' lang='lat' dir='ltr'><strong>me</strong></span> <span class='ocrx_word' id='word_1_114' title='bbox 648 1281 770 1336; x_wconf 83' lang='lat' dir='ltr'><strong>Fortuna</strong></span> <span class='ocrx_word' id='word_1_115' title='bbox 787 1284 908 1351; x_wconf 73' lang='lat' dir='ltr'><strong>rogatum,</strong></span> 
     </span>
     <span class='ocr_line' id='line_1_17' title="bbox 122 1354 1075 1428; baseline 0.008 -20"><span class='ocrx_word' id='word_1_116' title='bbox 122 1354 221 1410; x_wconf 71' lang='lat' dir='ltr'><strong>affixit</strong></span> <span class='ocrx_word' id='word_1_117' title='bbox 240 1373 316 1412; x_wconf 87' lang='lat' dir='ltr'><strong>esras</strong></span> <span class='ocrx_word' id='word_1_118' title='bbox 336 1357 384 1412; x_wconf 92' lang='lat' dir='ltr'><strong>illa</strong></span> <span class='ocrx_word' id='word_1_119' title='bbox 403 1357 438 1412; x_wconf 88' lang='lat' dir='ltr'><strong>de</strong></span> <span class='ocrx_word' id='word_1_120' title='bbox 453 1374 523 1413; x_wconf 87' lang='lat' dir='ltr'><strong>nave</strong></span> <span class='ocrx_word' id='word_1_121' title='bbox 541 1359 644 1428; x_wconf 81' lang='lat' dir='ltr'><strong>petitas</strong></span> <span class='ocrx_word' id='word_1_122' title='bbox 1074 1425 1075 1428; x_wconf 8' lang='grc' dir='ltr'><strong>Ἴ</strong></span> 
     </span>
     <span class='ocr_line' id='line_1_18' title="bbox 123 1429 975 1504; baseline 0.007 -18"><span class='ocrx_word' id='word_1_123' title='bbox 123 1429 199 1496; x_wconf 77' lang='lat' dir='ltr'><strong>Quae</strong></span> <span class='ocrx_word' id='word_1_124' title='bbox 218 1431 437 1489; x_wconf 79' lang='lat' dir='ltr'><strong>Siculos-mutus</strong></span> <span class='ocrx_word' id='word_1_125' title='bbox 456 1434 553 1503; x_wconf 83' lang='lat' dir='ltr'><strong>effugit</strong></span> <span class='ocrx_word' id='word_1_126' title='bbox 571 1435 675 1504; x_wconf 75' lang='lat' dir='ltr'><strong>remige</strong></span> <span class='ocrx_word' id='word_1_127' title='bbox 693 1434 782 1492; x_wconf 79' lang='lat' dir='ltr'><strong>surdo.</strong></span> <span class='ocrx_word' id='word_1_128' title='bbox 937 1449 975 1492; x_wconf 77' lang='lat' dir='ltr'><strong>rso</strong></span> 
     </span>
    </p>
   </div>
   <div class='ocr_carea' id='block_1_5' title="bbox 442 1770 646 1828">
    <p class='ocr_par' dir='ltr' id='par_1_13' title="bbox 442 1770 646 1828">
     <span class='ocr_line' id='line_1_19' title="bbox 442 1770 646 1828; baseline -0.01 0"><span class='ocrx_word' id='word_1_129' title='bbox 442 1770 586 1828; x_wconf 71' lang='lat' dir='ltr'><strong>saulus</strong></span> <span class='ocrx_word' id='word_1_130' title='bbox 611 1771 646 1827; x_wconf 86' lang='lat' dir='ltr'><strong>X.</strong></span> 
     </span>
    </p>
   </div>
   <div class='ocr_carea' id='block_1_6' title="bbox 120 1887 850 2187">
    <p class='ocr_par' dir='ltr' id='par_1_14' title="bbox 120 1887 850 2187">
     <span class='ocr_line' id='line_1_20' title="bbox 121 1887 841 1962; baseline 0.007 -20"><span class='ocrx_word' id='word_1_131' title='bbox 121 1887 254 1945; x_wconf 83' lang='lat' dir='ltr'><strong>Ouursus</strong></span> <span class='ocrx_word' id='word_1_132' title='bbox 270 1887 299 1944; x_wconf 93' lang='lat' dir='ltr'><strong>iu</strong></span> <span class='ocrx_word' id='word_1_133' title='bbox 310 1889 397 1946; x_wconf 85' lang='lat' dir='ltr'><strong>&#39;tonis</strong></span> <span class='ocrx_word' id='word_1_134' title='bbox 414 1907 484 1962; x_wconf 89' lang='lat' dir='ltr'><strong>quae</strong></span> <span class='ocrx_word' id='word_1_135' title='bbox 500 1895 564 1946; x_wconf 87' lang='lat' dir='ltr'><strong>sunt</strong></span> <span class='ocrx_word' id='word_1_136' title='bbox 581 1909 598 1946; x_wconf 90' lang='lat' dir='ltr'><strong>a</strong></span> <span class='ocrx_word' id='word_1_137' title='bbox 615 1891 738 1948; x_wconf 86' lang='lat' dir='ltr'><strong>Gadibus</strong></span> <span class='ocrx_word' id='word_1_138' title='bbox 754 1909 841 1962; x_wconf 78' lang='lat' dir='ltr'><strong>mque</strong></span> 
     </span>
     <span class='ocr_line' id='line_1_21' title="bbox 121 1967 850 2038; baseline 0.005 -18"><span class='ocrx_word' id='word_1_139' title='bbox 121 1968 256 2021; x_wconf 87' lang='lat' dir='ltr'><strong>Auroram</strong></span> <span class='ocrx_word' id='word_1_140' title='bbox 274 1971 304 2022; x_wconf 87' lang='lat' dir='ltr'><strong>et</strong></span> <span class='ocrx_word' id='word_1_141' title='bbox 322 1967 444 2036; x_wconf 79' lang='lat' dir='ltr'><strong>Gangen,</strong></span> <span class='ocrx_word' id='word_1_142' title='bbox 461 1969 541 2038; x_wconf 85' lang='lat' dir='ltr'><strong>pauci</strong></span> <span class='ocrx_word' id='word_1_143' title='bbox 559 1967 718 2036; x_wconf 77' lang='lat' dir='ltr'><strong>dignoscere</strong></span> <span class='ocrx_word' id='word_1_144' title='bbox 734 1973 850 2038; x_wconf 75' lang='lat' dir='ltr'><strong>possunt</strong></span> 
     </span>
     <span class='ocr_line' id='line_1_22' title="bbox 120 2042 848 2114; baseline 0.005 -18"><span class='ocrx_word' id='word_1_145' title='bbox 120 2042 196 2097; x_wconf 86' lang='lat' dir='ltr'><strong>Vera</strong></span> <span class='ocrx_word' id='word_1_146' title='bbox 213 2043 285 2098; x_wconf 90' lang='lat' dir='ltr'><strong>bona</strong></span> <span class='ocrx_word' id='word_1_147' title='bbox 302 2047 387 2114; x_wconf 85' lang='lat' dir='ltr'><strong>atque</strong></span> <span class='ocrx_word' id='word_1_148' title='bbox 404 2044 456 2098; x_wconf 88' lang='lat' dir='ltr'><strong>illis</strong></span> <span class='ocrx_word' id='word_1_149' title='bbox 473 2045 590 2100; x_wconf 90' lang='lat' dir='ltr'><strong>multum</strong></span> <span class='ocrx_word' id='word_1_150' title='bbox 608 2043 724 2113; x_wconf 83' lang='lat' dir='ltr'><strong>diversa,</strong></span> <span class='ocrx_word' id='word_1_151' title='bbox 742 2051 848 2100; x_wconf 81' lang='lat' dir='ltr'><strong>remota</strong></span> 
     </span>
     <span class='ocr_line' id='line_1_23' title="bbox 120 2118 816 2187; baseline 0.006 -15"><span class='ocrx_word' id='word_1_152' title='bbox 120 2118 227 2173; x_wconf 79' lang='lat' dir='ltr'><strong>Erroris</strong></span> <span class='ocrx_word' id='word_1_153' title='bbox 243 2119 351 2175; x_wconf 90' lang='lat' dir='ltr'><strong>nebula.</strong></span> <span class='ocrx_word' id='word_1_154' title='bbox 387 2119 460 2187; x_wconf 81' lang='lat' dir='ltr'><strong>Quid</strong></span> <span class='ocrx_word' id='word_1_155' title='bbox 477 2121 550 2175; x_wconf 89' lang='lat' dir='ltr'><strong>euim</strong></span> <span class='ocrx_word' id='word_1_156' title='bbox 566 2121 672 2175; x_wconf 84' lang='lat' dir='ltr'><strong>ratione</strong></span> <span class='ocrx_word' id='word_1_157' title='bbox 689 2121 816 2176; x_wconf 85' lang='lat' dir='ltr'><strong>timemus</strong></span> 
     </span>
    </p>
   </div>
   <div class='ocr_carea' id='block_1_7' title="bbox 120 2195 1075 2267">
    <p class='ocr_par' dir='ltr' id='par_1_15' title="bbox 120 2195 1075 2267">
     <span class='ocr_line' id='line_1_24' title="bbox 120 2195 1075 2267; baseline 0.006 -18"><span class='ocrx_word' id='word_1_158' title='bbox 120 2195 181 2250; x_wconf 85' lang='lat' dir='ltr'><strong>Aut</strong></span> <span class='ocrx_word' id='word_1_159' title='bbox 192 2196 315 2265; x_wconf 85' lang='lat' dir='ltr'><strong>cupimus</strong></span> <span class='ocrx_word' id='word_1_160' title='bbox 325 2198 335 2252; x_wconf 82' lang='lat' dir='ltr'><strong>i</strong></span> <span class='ocrx_word' id='word_1_161' title='bbox 354 2197 422 2266; x_wconf 88' lang='lat' dir='ltr'><strong>quid</strong></span> <span class='ocrx_word' id='word_1_162' title='bbox 433 2200 491 2251; x_wconf 89' lang='lat' dir='ltr'><strong>tam</strong></span> <span class='ocrx_word' id='word_1_163' title='bbox 503 2197 602 2251; x_wconf 86' lang='lat' dir='ltr'><strong>dextro</strong></span> <span class='ocrx_word' id='word_1_164' title='bbox 613 2197 685 2266; x_wconf 89' lang='lat' dir='ltr'><strong>pede</strong></span> <span class='ocrx_word' id='word_1_165' title='bbox 697 2197 823 2267; x_wconf 85' lang='lat' dir='ltr'><strong>eonoipts,</strong></span> <span class='ocrx_word' id='word_1_166' title='bbox 843 2201 875 2253; x_wconf 89' lang='lat' dir='ltr'><strong>ut</strong></span> <span class='ocrx_word' id='word_1_167' title='bbox 886 2201 917 2254; x_wconf 86' lang='lat' dir='ltr'><strong>te</strong></span> <span class='ocrx_word' id='word_1_168' title='bbox 943 2231 945 2236; x_wconf 85' lang='lat'><em>.</em></span> <span class='ocrx_word' id='word_1_169' title='bbox 959 2213 973 2254; x_wconf 78' lang='lat' dir='ltr'><strong>s</strong></span> <span class='ocrx_word' id='word_1_170' title='bbox 1074 2231 1075 2238; x_wconf 24' lang='grc' dir='ltr'><strong>κ</strong></span> 
     </span>
    </p>
   </div>
   <div class='ocr_carea' id='block_1_8' title="bbox 119 2271 805 2573">
    <p class='ocr_par' dir='ltr' id='par_1_16' title="bbox 119 2271 733 2420">
     <span class='ocr_line' id='line_1_25' title="bbox 120 2271 733 2344; baseline 0.003 -18"><span class='ocrx_word' id='word_1_171' title='bbox 120 2271 240 2327; x_wconf 83' lang='lat' dir='ltr'><strong>Conatus</strong></span> <span class='ocrx_word' id='word_1_172' title='bbox 257 2289 311 2327; x_wconf 92' lang='lat' dir='ltr'><strong>nou</strong></span> <span class='ocrx_word' id='word_1_173' title='bbox 328 2273 595 2344; x_wconf 86' lang='lat' dir='ltr'><strong>poeniteat·votique</strong></span> <span class='ocrx_word' id='word_1_174' title='bbox 611 2274 733 2342; x_wconf 80' lang='lat' dir='ltr'><strong>po&#39;raotii</strong></span> 
     </span>
     <span class='ocr_line' id='line_1_26' title="bbox 119 2347 716 2420; baseline 0.008 -19"><span class='ocrx_word' id='word_1_175' title='bbox 119 2347 252 2404; x_wconf 76' lang='lat' dir='ltr'><strong>Evertere</strong></span> <span class='ocrx_word' id='word_1_176' title='bbox 270 2349 365 2404; x_wconf 89' lang='lat' dir='ltr'><strong>domos</strong></span> <span class='ocrx_word' id='word_1_177' title='bbox 382 2353 456 2405; x_wconf 86' lang='lat' dir='ltr'><strong>totas</strong></span> <span class='ocrx_word' id='word_1_178' title='bbox 474 2349 632 2420; x_wconf 89' lang='lat' dir='ltr'><strong>optantibus</strong></span> <span class='ocrx_word' id='word_1_179' title='bbox 650 2350 716 2420; x_wconf 88' lang='lat' dir='ltr'><strong>ipsis</strong></span> 
     </span>
    </p>

    <p class='ocr_par' dir='ltr' id='par_1_17' title="bbox 119 2424 805 2573">
     <span class='ocr_line' id='line_1_27' title="bbox 119 2424 805 2497; baseline 0.006 -19"><span class='ocrx_word' id='word_1_180' title='bbox 119 2424 155 2478; x_wconf 92' lang='lat' dir='ltr'><strong>Di</strong></span> <span class='ocrx_word' id='word_1_181' title='bbox 173 2425 280 2492; x_wconf 63' lang='lat' dir='ltr'><strong>facilem</strong></span> <span class='ocrx_word' id='word_1_182' title='bbox 297 2427 421 2481; x_wconf 80' lang='lat' dir='ltr'><strong>nocitura</strong></span> <span class='ocrx_word' id='word_1_183' title='bbox 439 2431 511 2496; x_wconf 82' lang='lat' dir='ltr'><strong>toga,</strong></span> <span class='ocrx_word' id='word_1_184' title='bbox 529 2426 653 2480; x_wconf 85' lang='lat' dir='ltr'><strong>nocitura</strong></span> <span class='ocrx_word' id='word_1_185' title='bbox 670 2430 805 2497; x_wconf 87' lang='lat' dir='ltr'><strong>petuntur</strong></span> 
     </span>
     <span class='ocr_line' id='line_1_28' title="bbox 119 2499 692 2573; baseline 0.005 -19"><span class='ocrx_word' id='word_1_186' title='bbox 119 2499 236 2568; x_wconf 82' lang='lat' dir='ltr'><strong>Militia3</strong></span> <span class='ocrx_word' id='word_1_187' title='bbox 253 2505 360 2557; x_wconf 85' lang='lat' dir='ltr'><strong>torrens</strong></span> <span class='ocrx_word' id='word_1_188' title='bbox 378 2502 488 2557; x_wconf 59' lang='lat' dir='ltr'><strong>&amp;cendi</strong></span> <span class='ocrx_word' id='word_1_189' title='bbox 506 2503 583 2573; x_wconf 87' lang='lat' dir='ltr'><strong>eopia</strong></span> <span class='ocrx_word' id='word_1_190' title='bbox 599 2503 692 2558; x_wconf 89' lang='lat' dir='ltr'><strong>multis</strong></span> 
     </span>
    </p>
   </div>
   <div class='ocr_carea' id='block_1_9' title="bbox 119 2575 1075 2646">
    <p class='ocr_par' dir='ltr' id='par_1_18' title="bbox 119 2575 1075 2646">
     <span class='ocr_line' id='line_1_29' title="bbox 119 2575 1075 2646; baseline 0.009 -15"><span class='ocrx_word' id='word_1_191' title='bbox 119 2575 156 2632; x_wconf 78' lang='lat' dir='ltr'><strong>nt</strong></span> <span class='ocrx_word' id='word_1_192' title='bbox 173 2594 222 2632; x_wconf 88' lang='lat' dir='ltr'><strong>sua</strong></span> <span class='ocrx_word' id='word_1_193' title='bbox 239 2579 380 2633; x_wconf 84' lang='lat' dir='ltr'><strong>mortifera</strong></span> <span class='ocrx_word' id='word_1_194' title='bbox 397 2583 441 2634; x_wconf 84' lang='lat' dir='ltr'><strong>est</strong></span> <span class='ocrx_word' id='word_1_195' title='bbox 458 2578 603 2646; x_wconf 79' lang='lat' dir='ltr'><strong>facundia3</strong></span> <span class='ocrx_word' id='word_1_196' title='bbox 620 2579 723 2634; x_wconf 75' lang='lat' dir='ltr'><strong>viribus</strong></span> <span class='ocrx_word' id='word_1_197' title='bbox 740 2579 788 2634; x_wconf 87' lang='lat' dir='ltr'><strong>ille</strong></span> <span class='ocrx_word' id='word_1_198' title='bbox 946 2597 972 2636; x_wconf 84' lang='lat' dir='ltr'><strong>ro</strong></span> <span class='ocrx_word' id='word_1_199' title='bbox 1074 2619 1075 2640; x_wconf 54' lang='lat' dir='ltr'><strong>r</strong></span> 
     </span>
    </p>
   </div>
   <div class='ocr_carea' id='block_1_10' title="bbox 118 2653 932 2955">
    <p class='ocr_par' dir='ltr' id='par_1_19' title="bbox 119 2653 725 2726">
     <span class='ocr_line' id='line_1_30' title="bbox 119 2653 725 2726; baseline 0.002 -17"><span class='ocrx_word' id='word_1_200' title='bbox 119 2653 242 2709; x_wconf 79' lang='lat' dir='ltr'><strong>Confisus</strong></span> <span class='ocrx_word' id='word_1_201' title='bbox 260 2655 343 2724; x_wconf 87' lang='lat' dir='ltr'><strong>periit</strong></span> <span class='ocrx_word' id='word_1_202' title='bbox 360 2654 591 2726; x_wconf 86' lang='lat' dir='ltr'><strong>admirandusque</strong></span> <span class='ocrx_word' id='word_1_203' title='bbox 607 2655 725 2710; x_wconf 82' lang='lat' dir='ltr'><strong>lacertis.</strong></span> 
     </span>
    </p>

    <p class='ocr_par' dir='ltr' id='par_1_20' title="bbox 118 2729 932 2955">
     <span class='ocr_line' id='line_1_31' title="bbox 153 2729 776 2801; baseline 0.003 -17"><span class='ocrx_word' id='word_1_204' title='bbox 153 2729 209 2785; x_wconf 76' lang='lat' dir='ltr'><strong>Sed</strong></span> <span class='ocrx_word' id='word_1_205' title='bbox 220 2731 313 2801; x_wconf 86' lang='lat' dir='ltr'><strong>plures</strong></span> <span class='ocrx_word' id='word_1_206' title='bbox 328 2732 413 2787; x_wconf 88' lang='lat' dir='ltr'><strong>nimia</strong></span> <span class='ocrx_word' id='word_1_207' title='bbox 430 2735 561 2800; x_wconf 81' lang='lat' dir='ltr'><strong>congesto</strong></span> <span class='ocrx_word' id='word_1_208' title='bbox 577 2732 693 2801; x_wconf 79' lang='lat' dir='ltr'><strong>pecunia</strong></span> <span class='ocrx_word' id='word_1_209' title='bbox 710 2749 776 2786; x_wconf 85' lang='lat' dir='ltr'><strong>eura</strong></span> 
     </span>
     <span class='ocr_line' id='line_1_32' title="bbox 118 2805 932 2878; baseline 0.005 -17"><span class='ocrx_word' id='word_1_210' title='bbox 118 2805 285 2876; x_wconf 73' lang='lat' dir='ltr'><strong>strangulat,</strong></span> <span class='ocrx_word' id='word_1_211' title='bbox 303 2812 333 2864; x_wconf 92' lang='lat' dir='ltr'><strong>et</strong></span> <span class='ocrx_word' id='word_1_212' title='bbox 350 2812 450 2865; x_wconf 79' lang='lat' dir='ltr'><strong>cuneta</strong></span> <span class='ocrx_word' id='word_1_213' title='bbox 466 2825 633 2878; x_wconf 80' lang='lat' dir='ltr'><strong>exsuperans</strong></span> <span class='ocrx_word' id='word_1_214' title='bbox 651 2809 816 2878; x_wconf 84' lang='lat' dir='ltr'><strong>patrimonia</strong></span> <span class='ocrx_word' id='word_1_215' title='bbox 832 2824 932 2866; x_wconf 85' lang='lat' dir='ltr'><strong>census</strong></span> 
     </span>
     <span class='ocr_line' id='line_1_33' title="bbox 118 2881 797 2955; baseline 0.004 -18"><span class='ocrx_word' id='word_1_216' title='bbox 118 2881 227 2947; x_wconf 83' lang='lat' dir='ltr'><strong>Quanto</strong></span> <span class='ocrx_word' id='word_1_217' title='bbox 244 2883 379 2955; x_wconf 86' lang='lat' dir='ltr'><strong>delphinis</strong></span> <span class='ocrx_word' id='word_1_218' title='bbox 396 2884 510 2940; x_wconf 80' lang='lat' dir='ltr'><strong>balaena</strong></span> <span class='ocrx_word' id='word_1_219' title='bbox 527 2884 686 2940; x_wconf 80' lang='lat' dir='ltr'><strong>Britannica</strong></span> <span class='ocrx_word' id='word_1_220' title='bbox 702 2883 797 2953; x_wconf 89' lang='lat' dir='ltr'><strong>major.</strong></span> 
     </span>
    </p>
   </div>
   <div class='ocr_carea' id='block_1_11' title="bbox 117 2959 1075 3030">
    <p class='ocr_par' dir='ltr' id='par_1_21' title="bbox 117 2959 1075 3030">
     <span class='ocr_line' id='line_1_34' title="bbox 117 2959 1075 3030; baseline 0.006 -18"><span class='ocrx_word' id='word_1_221' title='bbox 117 2959 296 3028; x_wconf 77' lang='lat' dir='ltr'><strong>Temporibus</strong></span> <span class='ocrx_word' id='word_1_222' title='bbox 313 2961 380 3015; x_wconf 85' lang='lat' dir='ltr'><strong>diris</strong></span> <span class='ocrx_word' id='word_1_223' title='bbox 397 2961 482 3030; x_wconf 81' lang='lat' dir='ltr'><strong>igitur</strong></span> <span class='ocrx_word' id='word_1_224' title='bbox 494 2960 630 3029; x_wconf 87' lang='lat' dir='ltr'><strong>jussuque</strong></span> <span class='ocrx_word' id='word_1_225' title='bbox 647 2960 764 3015; x_wconf 83' lang='lat' dir='ltr'><strong>Nemnis</strong></span> <span class='ocrx_word' id='word_1_226' title='bbox 945 2979 971 3018; x_wconf 82' lang='lat' dir='ltr'><strong>rs</strong></span> <span class='ocrx_word' id='word_1_227' title='bbox 1074 3003 1075 3008; x_wconf 17' lang='grc' dir='ltr'><strong>κ</strong></span> 
     </span>
    </p>
   </div>
   <div class='ocr_carea' id='block_1_12' title="bbox 116 3033 879 3246">
    <p class='ocr_par' dir='ltr' id='par_1_22' title="bbox 116 3033 879 3246">
     <span class='ocr_line' id='line_1_35' title="bbox 117 3033 879 3108; baseline 0.008 -22"><span class='ocrx_word' id='word_1_228' title='bbox 117 3033 270 3100; x_wconf 84' lang='lat' dir='ltr'><strong>Longinum</strong></span> <span class='ocrx_word' id='word_1_229' title='bbox 288 3040 317 3090; x_wconf 90' lang='lat' dir='ltr'><strong>et</strong></span> <span class='ocrx_word' id='word_1_230' title='bbox 333 3045 447 3104; x_wconf 72' lang='lat' dir='ltr'><strong>magnos</strong></span> <span class='ocrx_word' id='word_1_231' title='bbox 465 3035 584 3090; x_wconf 82' lang='lat' dir='ltr'><strong>Senecae</strong></span> <span class='ocrx_word' id='word_1_232' title='bbox 600 3036 761 3105; x_wconf 82' lang='lat' dir='ltr'><strong>praedivitis</strong></span> <span class='ocrx_word' id='word_1_233' title='bbox 778 3037 879 3108; x_wconf 80' lang='lat' dir='ltr'><strong>hortos¹</strong></span> 
     </span>
     <span class='ocr_line' id='line_1_36' title="bbox 118 3107 859 3180; baseline 0.008 -18"><span class='ocrx_word' id='word_1_234' title='bbox 118 3107 228 3175; x_wconf 82' lang='lat' dir='ltr'><strong>Clausit,</strong></span> <span class='ocrx_word' id='word_1_235' title='bbox 247 3113 276 3164; x_wconf 86' lang='lat' dir='ltr'><strong>et</strong></span> <span class='ocrx_word' id='word_1_236' title='bbox 293 3112 416 3178; x_wconf 77' lang='lat' dir='ltr'><strong>egregias</strong></span> <span class='ocrx_word' id='word_1_237' title='bbox 435 3111 632 3166; x_wconf 81' lang='lat' dir='ltr'><strong>Lateranorum</strong></span> <span class='ocrx_word' id='word_1_238' title='bbox 650 3110 760 3180; x_wconf 74' lang='lat' dir='ltr'><strong>obsidet</strong></span> <span class='ocrx_word' id='word_1_239' title='bbox 775 3113 859 3168; x_wconf 85' lang='lat' dir='ltr'><strong>aedos</strong></span> 
     </span>
     <span class='ocr_line' id='line_1_37' title="bbox 116 3182 811 3246; baseline 0.009 -10"><span class='ocrx_word' id='word_1_240' title='bbox 116 3182 187 3236; x_wconf 78' lang='lat' dir='ltr'><strong>&#39;¹&#39;ota</strong></span> <span class='ocrx_word' id='word_1_241' title='bbox 204 3182 317 3241; x_wconf 84' lang='lat' dir='ltr'><strong>cohors:</strong></span> <span class='ocrx_word' id='word_1_242' title='bbox 334 3201 412 3240; x_wconf 87' lang='lat' dir='ltr'><strong>rarus</strong></span> <span class='ocrx_word' id='word_1_243' title='bbox 429 3187 503 3243; x_wconf 86' lang='lat' dir='ltr'><strong>venit</strong></span> <span class='ocrx_word' id='word_1_244' title='bbox 520 3187 549 3240; x_wconf 86' lang='lat' dir='ltr'><strong>iu</strong></span> <span class='ocrx_word' id='word_1_245' title='bbox 567 3186 712 3245; x_wconf 75' lang='lat' dir='ltr'><strong>ooenaouda</strong></span> <span class='ocrx_word' id='word_1_246' title='bbox 727 3188 811 3246; x_wconf 87' lang='lat' dir='ltr'><strong>miles.</strong></span> 
     </span>
    </p>
   </div>
   <div class='ocr_carea' id='block_1_13' title="bbox 0 0 1086 3536">
    <p class='ocr_par' dir='ltr' id='par_1_23' title="bbox 0 0 1086 3536">
     <span class='ocr_line' id='line_1_38' title="bbox 0 0 1086 3536; baseline 0 3"><span class='ocrx_word' id='word_1_247' title='bbox 0 0 1086 3536; x_wconf 95' lang='lat' dir='ltr'><strong> </strong></span> 
     </span>
    </p>
   </div>
  </div>
 </body>
</html>
