2164 3536
367 137 370 144 '
456 133 590 185 SATIRA
607 132 656 184 VI.
714 130 745 175 N
820 189 824 199 ,
948 129 980 184 39

126 227 186 281 Aut
203 223 279 295 apud
295 222 401 279 Isieese
418 225 510 294 potius
527 225 649 280 mereris
665 224 750 292 lenes,
830 219 832 226 ’

127 300 382 372 Disponit-erinem,
401 301 528 354 luceretis
545 301 605 372 ipse
627 301 739 370 capillis,
806 339 808 342 -
947 309 983 354 let

128 379 213 432 Nuda
232 378 346 432 humero
364 378 463 431 Psecas
481 378 576 431 infelix
594 377 730 446 nudisque
748 376 899 432 mumillle.¹

125 455 241 514 ‘fAltior
257 454 302 508 liic
321 469 405 522 «luere
423 454 601 508 cincinnusl’'
637 454 743 516 'ibn-ree
763 453 850 524 punit

126 531 263 585 Continuo
281 531 346 585 flexi
365 531 468 584 crimen
486 531 645 600 foetensque
663 530 762 599 capilli.

126 607 200 671 Quid
218 608 318 662 Psecas
335 607 465 662 admisit?
483 623 618 676 quaenam
637 610 679 662 est
696 607 740 660 ln'e
757 607 836 676 culpe
854 606 962 678 puellne

126 683 153 738 si
173 683 225 738 tibi
243 684 384 752 displicuit
402 687 582 740 nesustmusl
619 685 719 738 Altero
733 683 842 738 laevum
946 689 983 736 es

126 760 263 814 Extendit
279 761 422 829 pectitque
440 775 531 814 eomas
548 765 577 815 et
594 761 680 815 volvit
696 761 724 813 in
742 759 845 815 orbern.

126 835 178 890 Est
195 837 224 890 in
242 837 353 892 consilo
371 840 497 904 mutereo
514 838 682 906 admotaque
705 837 776 892 lunis

126 914 251 967 Emerita
269 930 339 982 quse
357 917 445 967 cesset
461 929 523 968 ocu:
543 914 681 969 sententia
698 914 787 983 prima

127 989 220 1058 llujus
238 991 307 1056 erit;
324 997 387 1060 pest
405 991 475 1044 hene
492 995 584 1045 aetate
601 995 685 1060 etque
704 995 763 1044 nrte
780 990 899 1044 minores

126 1067 292 1134 Censebunt,
311 1069 444 1135 tunquam
462 1068 551 1121 fernae
570 1067 716 1121 discrimen
734 1071 833 1134 egetur
943 1075 985 1140 soe

126 1146 186 1198 Ant
204 1141 323 1198 enimse:
334 1148 421 1198 tenta
439 1147 482 1198 est
499 1143 649 1214 quaerendi
666 1156 732 1198 curu
749 1143 862 1211 decoris,
973 1149 974 1152 ’

125 1219 178 1274 'l'ot
189 1222 297 1290 premit
314 1220 462 1287 ordinibus,
481 1224 525 1274 tet
543 1220 633 1274 adnue
650 1219 827 1288 compagibus
845 1220 932 1274 altum

126 1297 268 1352 Aedificat
285 1301 376 1366 ceput.
413 1295 627 1350 Andromachen
645 1309 662 1350 n
678 1296 770 1350 fronte
787 1296 902 1361 videbis,

126 1373 195 1428 Post
211 1374 300 1428 minor
317 1379 376 1439 est;
393 1374 491 1433 credes
509 1374 597 1428 elien.
633 1373 716 1440 Cede,
734 1373 758 1426 si
775 1373 859 1428 breve
877 1373 955 1443 parvi

125 1451 231 1505 Sortito
249 1455 292 1505 est
309 1451 404 1505 lateris
419 1451 542 1519 spatium
560 1449 723 1518 breviorque
740 1449 852 1504 videtur
946 1457 983 1504 sos

125 1526 243 1595 Virgine
261 1527 406 1596 Pygmaea,
423 1527 506 1580 nullis
523 1527 622 1595 adjutu
638 1525 787 1593 cothurnis,

125 1603 164 1656 Et
181 1603 248 1658 levis
265 1607 357 1664 ereetu
375 1605 515 1672 consurgit
533 1603 569 1658 ed
587 1601 678 1657 oseule
695 1601 807 1671 plentel

124 1679 152 1732 N
154 1679 211 1733 ulle
228 1679 278 1734 viri
296 1679 494 1747 cumintcres,
513 1695 563 1734 nee
580 1679 684 1734 mentio
702 1680 751 1734 fiet
823 1713 824 1718 κ

125 1755 309 1810 Dumnorum:
326 1756 401 1828 vivit·
412 1760 544 1826 tanquam
561 1757 650 1810 vicine
667 1756 774 1822 marite,
980 1821 982 1826 ἲ

125 1831 188 1885 Ηοο
206 1832 263 1886 solo
280 1832 400 1902 propior,
420 1833 495 1900 quod
511 1833 612 1886 amicos
630 1832 752 1902 eonjugis
770 1830 830 1886 odit
948 1845 983 1884 ero

125 1908 163 1961 Et
180 1924 279 1975 servos,
298 1909 388 1976 gravis
406 1912 450 1962 est
465 1908 627 1962 rationibus.
664 1909 735 1962 Ecce
752 1907 869 1962 furentis

125 1984 255 2038 Bellonae
273 1985 426 2054 matrisque
444 1981 527 2038 deum
545 1985 645 2039 citerus
661 1985 748 2040 intrat
766 1985 910 2053 elingens
972 2015 978 2025 ,ι

124 2060 247 2128 Semivir,
265 2061 382 2114 obsceno
400 2061 484 2114 iacies
501 2061 654 2115 reverende
670 2061 776 2129 mereri,

125 2137 219 2190 Mollia
237 2137 285 2206 qui
302 2142 384 2206 rapte
402 2137 490 2192 secuit
507 2137 639 2206 genitalis.
655 2141 730 2192 teste

123 2213 190 2266 Jam
208 2213 324 2282 pridem,
337 2215 381 2267 eui
399 2227 481 2267 renen
499 2214 603 2281 cohors,
616 2214 660 2268 eui
678 2218 810 2282 tympana
826 2213 929 2269 eedtmt
947 2227 982 2268 sn

126 2289 238 2344 l'lebeie
256 2293 286 2344 et
305 2290 426 2358 Phrygis
443 2291 561 2344 vcstitur
578 2289 664 2344 bucce
681 2291 760 2344 tiam

124 2366 244 2421 Grande,
255 2371 334 2421 sonet
350 2367 493 2436 metuique
507 2366 591 2434 jubet
608 2367 778 2434 Septembris
793 2368 824 2421 et
841 2367 939 2422 Austri

124 2439 293 2512 Adventum,
306 2444 358 2498 nisi
377 2459 406 2498 se
424 2447 534 2497 eentum
552 2443 711 2498 lustraverit
729 2445 787 2497 ovis
825 2467 828 2476 ·
905 2440 917 2468 ⁶

124 2520 163 2574 lit
181 2517 383 2590 xerampelinas
400 2524 510 2574 veteres
528 2519 671 2573 donaverit
688 2519 749 2588 ipsi,

124 2595 166 2650 Ut
184 2596 319 2666 quidquid
337 2595 421 2651 subiti
440 2601 469 2650 et
485 2597 577 2664 magni
595 2595 760 2649 discriminis
776 2595 863 2649 instet
947 2611 983 2650 sn

125 2672 160 2726 In
177 2673 284 2726 tunicas
301 2676 349 2726 eet
366 2675 396 2728 et
413 2676 503 2727 totum
523 2672 607 2726 semel
625 2672 720 2742 expiet
737 2682 846 2725 sunum.

125 2749 281 2803 Hibernium
297 2749 386 2803 fructu
402 2749 490 2818 glacie
508 2743 658 2803 descendet
674 2749 703 2801 in
721 2761 837 2814 omnem,

122 2825 179 2879 Ter
196 2826 333 2881 matutino
351 2825 443 2879 'liberi
459 2829 600 2894 mergetur
617 2829 646 2880 et
663 2825 729 2894 ipsis

123 2901 283 2956 Vorticibus
299 2901 428 2956 timidum
446 2907 530 2972 ceput
547 2903 656 2968 abluet3
673 2902 739 2956 inde
756 2899 867 2969 superbi

122 2978 224 3032 'l’otum
241 2979 315 3047 regis
333 2993 429 3047 agrum
446 2979 521 3032 unde
539 2995 570 3033 uc
587 2976 771 3033 tremebunde
788 2973 909 3032 cruentis
946 2986 985 3031 tes

123 3055 229 3125 lirepet
245 3055 368 3124 genibus,
386 3057 409 3109 si
427 3056 546 3110 candide
559 3056 675 3125 jusserit
693 3055 740 3121 103
913 3067 915 3076 ’

123 3130 185 3186 Ibit
201 3131 238 3186 od
256 3129 377 3201 Ae'gypti
395 3133 476 3186 linem
492 3133 637 3202 calidaque
653 3133 755 3202 petitas
928 3195 930 3200 y

124 3209 153 3262 A
163 3206 269 3264 'Meroe
284 3208 409 3280 portabit
425 3225 518 3278 aquas,
535 3213 569 3266 ut
586 3213 699 3280 sparget
715 3209 744 3263 in
762 3207 858 3264 aedem
980 3239 988 3248 -
