2164 3536
122 110 155 162 72
358 110 392 160 D.
409 111 515 162 JUNII
532 113 550 162 J
553 112 742 162 UVENALIS

29 227 30 230 ¹
123 198 280 254 Castrorum
297 195 419 269 imperiis
437 201 467 254 et
484 199 634 254 Dictatoris
650 200 753 256 honore

123 274 249 333 Functus
262 273 299 328 ad
316 273 365 328 bas
382 275 477 344 epulas
495 275 574 330 solito
592 277 725 332 maturius
742 271 813 350 ibat,'

123 351 256 405 Erectnm
274 350 379 406 domito
396 351 519 406 referens
537 369 554 406 a
571 356 665 410 monte
682 354 807 422 ligonem.
827 421 830 428 Ι

123 426 214 492 Quum
232 430 382 482 tremerent
397 431 491 500 autem
504 427 607 484 Fabios
622 429 777 498 dunrmqne
793 430 929 489 Catonem
950 447 975 490 oo

120 503 159 558 llt
177 503 291 559 Scauros
309 508 339 559 et
357 503 506 574 Fabricios,
524 509 663 575 postremo
680 523 789 564 severos

121 579 246 634 Censoris
264 596 353 634 mores
372 580 457 636 etiam
474 581 578 651 collega
595 583 715 652 timeret,

120 655 209 710 Nemo
226 656 300 712 inter
317 659 397 712 curas
414 659 445 712 et
462 658 533 712 seria
551 657 632 714 duxit
648 658 814 730 habendum,

121 733 214 800 Qualis
228 734 260 788 in
278 733 379 789 Oceani
394 735 485 792 :fluctu
502 736 614 792 testudo
630 738 749 805 nataret,

93 821 100 836 ·
122 809 233 865 Olarnm
251 809 412 880 'lbojugenis
429 812 536 866 factura
553 829 585 868 ac
602 812 693 868 nobile
709 813 841 880 frduum3
950 829 975 870 aa

94 933 97 938 .
121 885 176 940 Sed
193 885 267 940 nudo
284 887 372 942 latere
389 891 419 942 et
435 888 527 957 parvis
543 887 618 942 frons
635 905 717 952 aerea
733 887 812 943 lectis

120 961 183 1017 Vile
202 962 323 1018 coronati
340 967 425 1032 capnt
442 963 606 1020 ostendebat
624 965 707 1034 aselli,
750 965 753 970 ’

122 1037 170 1092 Ad
188 1038 262 1109 qnod
279 1039 372 1094 lascivi
390 1038 523 1094 ludebant
540 1039 612 1094 ruris
630 1041 739 1097 alumni

55 1163 57 1167 ,
112 1113 200 1169 Tales
217 1131 283 1184 ergo
300 1115 354 1170 cibi
372 1113 461 1186 qualis
479 1114 576 1170 domus
594 1119 679 1186 atque
696 1118 825 1188 supellex.

154 1191 231 1246 'l'une
247 1191 325 1247 rudis
342 1195 372 1248 et
390 1191 488 1248 Graias
505 1192 599 1246 mirari
616 1194 722 1250 nescius
740 1199 821 1264 artes,
939 1211 975 1252 rto

120 1267 243 1324 Urbibus
261 1269 370 1338 eversis,
390 1269 558 1340 praedarum
574 1269 604 1324 in
621 1273 701 1340 parte
718 1276 830 1341 reperta

118 1345 283 1414 Magnorum
301 1345 438 1400 artificum
456 1345 602 1414 frangebat
619 1347 717 1416 pocula
733 1348 819 1415 miles,

119 1421 160 1476 Ut
177 1420 295 1491 phaleris
312 1421 448 1490 gauderet
471 1439 565 1490 oquin,
584 1423 742 1493 caelataque
759 1423 842 1478 cassis

119 1496 269 1552 Itomuleoe
286 1497 431 1554 simulacra
447 1498 522 1554 ferae
540 1515 729 1554 mansuescere
742 1497 837 1568 jussae
1053 1559 1054 1562 ,

119 1573 234 1644 Imperii
251 1574 317 1644 fato,
333 1575 458 1644 geminos
475 1575 527 1630 sub
542 1591 612 1644 rupe
631 1574 765 1644 Quirinos,
936 1592 973 1634 roe

119 1651 163 1706 Ac
179 1649 282 1705 nudam
300 1651 417 1720 effigiem
435 1651 523 1722 clipeo
540 1651 674 1706 venientis
692 1655 722 1706 et
738 1651 818 1707 hasta

119 1726 323 1796 Pendentisque
341 1727 387 1783 dei
404 1728 527 1798 perituro
545 1727 705 1783 ostenderet
722 1726 803 1783 hosti.
888 1776 891 1782 .

119 1803 238 1873 Argenti
255 1804 331 1874 quod
348 1808 410 1860 erat
427 1805 490 1860 solis
507 1804 631 1873 fulgebat
647 1805 677 1858 in
694 1804 785 1860 amia

118 1880 262 1936 Ponebant
279 1881 364 1950 igitur
381 1881 469 1936 Tusco
486 1881 590 1936 farrata
607 1881 713 1948 catino;
784 1921 788 1934 .
1053 1937 1054 1944 χ

117 1957 217 2012 Omnia
233 1961 300 2014 tunc
318 1958 417 2028 quibus
433 1957 557 2012 inrideas
574 1957 597 2012 si
614 1956 743 2012 lividulus
760 1956 804 2014 sis
935 1975 971 2018 uo

117 2035 291 2105 'templorum
308 2033 566 2104 quoquemajestas
582 2034 754 2104 praesentior
770 2037 800 2089 et
816 2049 870 2090 vox

117 2111 206 2166 Nocte
223 2111 282 2166 fera
299 2109 391 2166 media
406 2109 580 2180 mediamque
598 2110 693 2165 audita
708 2127 761 2180 per
777 2109 890 2181 Urbem,

117 2187 211 2243 Litore
222 2187 266 2243 ¹ab
287 2185 396 2242 Oceano
418 2187 503 2242 Gallis
521 2186 693 2242 venientibus
712 2189 742 2241 et
762 2185 806 2240 dis

118 2263 244 2319 Officium
264 2264 334 2318 ratis
353 2262 556 2333 peragentibus.
590 2262 643 2318 His
662 2261 769 2316 monuit
787 2277 845 2326 nos,

117 2339 197 2396 Hanc
214 2341 297 2396 rebus
316 2339 403 2394 Latiis
422 2355 516 2393 curam
534 2341 674 2409 praestare
693 2337 800 2394 solebat
932 2355 969 2396 11⁵
1053 2339 1054 2360 ¹

117 2416 222 2472 Fictilis
243 2420 280 2472 et,
291 2416 365 2472 nullo
384 2415 500 2470 violatus
519 2414 652 2486 Juppiter
670 2431 744 2470 auro.

117 2493 169 2548 Illa
187 2492 262 2547 dorni
280 2496 359 2547 natas
380 2495 529 2561 nostraque
548 2508 582 2556 ex
602 2489 700 2545 arbore
719 2507 828 2546 mensus

116 2569 249 2640 Tempora
267 2567 408 2624 viderunt:
433 2566 482 2622 hos
500 2567 603 2636 lignum
620 2566 714 2623 stabat
733 2567 762 2622 in
780 2584 853 2638 usus,

115 2647 256 2700 Annosam
275 2644 298 2699 si
319 2643 391 2698 forte
409 2659 508 2698 nucem
528 2639 667 2711 dejecerat
686 2643 782 2700 Eruus.

115 2722 156 2777 At
175 2737 246 2776 nunc
264 2719 396 2776 divitibus
414 2717 546 2774 coenandi
564 2717 639 2772 nulla
656 2718 791 2789 voluptas,
931 2733 967 2774 rao
1053 2773 1054 2784 ,

113 2797 161 2852 Nil
179 2797 317 2868 rhombus,
335 2797 375 2850 nil
396 2795 478 2850 dama
496 2793 575 2864 sapit,
594 2796 694 2864 putere
713 2793 842 2850 videntur

113 2874 263 2943 Unguenta
280 2877 365 2942 atque
383 2887 468 2938 rosae,
488 2870 557 2924 lotos
575 2870 627 2925 nisi
646 2871 764 2926 sustinet
782 2869 861 2926 orbes

114 2949 226 3005 Grande
244 2950 313 3004 ebur
331 2951 361 3001 et
379 2963 479 3014 magno
499 2946 622 3000 sublimis
642 2945 745 3016 pardus
763 2945 850 3014 hiatu,

113 3025 251 3081 Dentibus
269 3042 304 3079 ex
323 3023 375 3076 illis
395 3038 463 3090 qnos
481 3021 569 3076 mittit
586 3025 667 3090 porta
688 3021 790 3091 Syenes

113 3101 150 3155 llt
170 3100 262 3158 Mauri
280 3099 382 3154 celeres
401 3101 431 3152 et
449 3097 548 3150 Mauro
568 3095 708 3150 obscurior
727 3095 822 3166 Indus,
927 3110 965 3152 125

112 3175 150 3230 llt
168 3190 237 3244 quos
257 3173 386 3246 deposuit
404 3169 567 3238 Nabathaoo
587 3167 677 3226 bellua
694 3171 781 3248 saltu
864 3239 867 3244 ¹
919 3257 923 3264 .
973 3227 977 3234 ,
