2164 3536
435 129 569 180 SATIRA
584 130 650 181 XII.
939 127 968 183 75

115 220 265 288 Continuis,
283 219 348 288 quis
364 222 429 274 sunt
446 219 510 274 talis
528 235 638 289 quoque
654 219 748 276 taedia
764 219 838 276 vitae

113 299 223 368 Magna.
260 297 426 367 Voluptates
443 294 617 351 commendat
633 297 722 352 rarior
738 313 812 352 usus.

421 611 564 668 sarran
587 585 657 666 ΧΠ.

59 800 62 804 -
111 761 230 828 Nurum,
251 759 374 826 Corvine,
396 759 442 814 die
460 758 527 812 mihi
547 757 652 812 dulcior
670 757 738 813 baec
756 758 813 826 lux,

111 838 172 902 Qua
188 837 275 890 festus
292 836 427 908 promissa
445 835 505 888 deis
523 833 650 888 animalia
667 851 778 906 caespes

109 913 267 982 Exspectat.
303 912 419 966 Niveam
439 911 561 978 Reginae
579 909 703 965 ducimus
721 927 832 982 agnam

110 988 164 1042 Par
181 989 267 1043 vellus
285 987 397 1042 dabitur
416 987 549 1055 pugnanti
569 986 695 1054 Gorgone
714 987 826 1043 Maura:

108 1063 166 1119 Sed
182 1065 276 1134 procul
289 1067 433 1118 extensum
444 1063 571 1132 petulans
584 1063 675 1131 quatit
690 1063 780 1118 hostia
790 1065 891 1134 funem,
953 1080 966 1118 s

108 1141 224 1211 Tarpeio
243 1142 351 1195 serrata
370 1139 441 1206 Jovi,
462 1139 635 1208 frontemque
653 1143 792 1208 comiscat;

108 1217 216 1286 Quippe
235 1219 313 1271 ferox
332 1216 441 1284 vitulus,
465 1215 575 1285 templis
593 1219 717 1270 matmus
736 1221 765 1272 et
783 1233 848 1273 arae

107 1293 338 1362 Spargendusque
359 1309 442 1359 mero,
459 1308 541 1362 quem
559 1291 619 1360 jam
637 1293 726 1362 pudet
744 1294 829 1349 ubera
846 1294 943 1349 matris

106 1369 221 1437 Ducere,
241 1370 288 1439 qui
307 1372 391 1424 vexat
410 1368 534 1422 nascenti
553 1369 653 1422 robora
674 1387 765 1425 cornu.

106 1446 136 1501 Si
155 1463 199 1501 res
218 1445 309 1515 ampla
331 1445 405 1498 domi
426 1444 574 1513 similisque
594 1445 736 1501 affectibus
750 1449 830 1515 esset,
940 1461 964 1504 to

107 1523 238 1590 Pinguior
257 1521 386 1591 Hispulla
405 1521 563 1576 traheretur
581 1525 678 1576 taurus
698 1523 804 1592 etipsa

106 1599 181 1652 Mole
198 1595 283 1669 piger,
303 1615 353 1651 neo
375 1597 491 1651 finitima
512 1598 632 1650 nutritus
650 1598 679 1652 in
697 1599 790 1668 herba,

106 1675 193 1730 Laeta
210 1671 266 1730 scd'
278 1673 426 1729 osteudens
446 1673 576 1727 Clitumni
594 1690 696 1743 pascua
714 1675 824 1744 sanguis

106 1752 173 1820 Iret
194 1755 223 1807 et
242 1770 258 1806 a
277 1751 374 1820 grandi
394 1750 484 1804 cervix
504 1749 626 1804 ferienda
644 1751 776 1820 ministro,

105 1827 150 1882 Ob
167 1829 288 1883 reditum
306 1826 470 1896 trepidantis
488 1825 579 1880 adhuc
596 1827 787 1898 horrendaque
803 1827 877 1900 passi
938 1843 963 1882 ιε

104 1906 201 1974 Nuper
219 1909 249 1960 et
263 1904 432 1959 incolumem
452 1919 513 1957 seso
531 1903 656 1957 mirantis
675 1905 759 1960 amici.

104 1983 177 2036 Nam
196 1985 308 2052 praeter
327 1980 418 2050 pelagi
436 1995 516 2034 casus
535 1983 564 2034 ct
584 1979 699 2048 fulginis
719 1982 790 2038 ictus

105 2058 208 2115 Evasit
244 2058 355 2112 Densae
375 2057 481 2112 caelum
500 2055 667 2110 abscondere
686 2057 817 2114 tenebrae

104 2133 187 2189 Nube
205 2152 261 2189 una
280 2119 443 2204 dubitusque
462 2136 595 2186 antennas
613 2133 722 2202 impulit
741 2135 818 2204 ignis,

105 2211 196 2276 Quum
216 2228 246 2266 se
265 2209 380 2280 quisque
399 2209 445 2262 illo
464 2225 621 2278 percussum
641 2209 766 2264 crederet
786 2215 816 2266 et
830 2225 894 2265 mox
938 2223 963 2264 ao

106 2287 251 2342 Attonitus
270 2286 374 2340 nullum
395 2285 513 2340 conferri
534 2299 615 2354 posse
634 2287 745 2352 putaret
900 2333 908 2347 ,

104 2361 287 2432 Naufragium
306 2363 373 2416 velis
394 2361 561 2416 ardentibus.
599 2360 696 2414 Omnia
714 2362 784 2418 fiunt

104 2439 187 2507 Talia,
211 2443 269 2493 tam
289 2439 416 2507 graviter,
436 2438 459 2490 si
479 2438 588 2507 quando
603 2439 711 2507 poetica
727 2439 815 2508 surgit

103 2515 270 2586 Tempestas.
308 2516 400 2569 Genus
421 2529 483 2568 ecce
502 2513 578 2568 aliud
597 2514 775 2580 discriminis;
799 2515 865 2571 audi

103 2591 140 2647 lit
158 2593 289 2647 miserere
308 2592 423 2658 iterum;
448 2607 605 2662 quanquam
625 2591 680 2646 sint
698 2597 789 2647 cetera
809 2594 891 2648 sortis
937 2607 961 2646 as

104 2668 247 2738 Ejusdem
271 2685 335 2738 pars
354 2667 414 2722 dira
432 2667 543 2736 quidem
563 2667 613 2722 sed
630 2668 739 2736 cognita
756 2668 857 2736 multis,

104 2744 142 2798 Et
161 2761 243 2813 quam
262 2745 354 2798 votiva
375 2745 513 2798 testantur
531 2744 596 2798 iana
616 2743 718 2798 tabella

105 2818 233 2874 Plurima.
269 2820 392 2875 Pictorcs
411 2821 472 2890 quis
490 2821 577 2875 nescit
595 2820 633 2874 ab
652 2819 727 2875 Iside
744 2820 837 2890 pascii

48 2923 54 2930 ι
104 2895 215 2952 Accidit
233 2898 262 2950 et
279 2901 372 2952 nostro
392 2897 486 2951 similis
504 2898 615 2951 fortuna
634 2896 747 2952 Catullo.

105 2973 196 3040 Quum
213 2973 310 3043 plenus
329 2973 415 3028 fluctu
434 2973 540 3028 medius
557 2974 630 3028 foret
649 2972 741 3026 alveus
759 2970 871 3041 etjam,
934 2982 961 3026 eo

105 3049 251 3105 Alternum
270 3049 370 3119 puppis
389 3049 462 3104 latus
481 3050 671 3104 evertentibus
691 3048 780 3117 undis,

106 3125 222 3183 Arboris
242 3126 371 3194 incertae,
392 3126 494 3180 nullam
513 3125 662 3195 prudentia
681 3124 742 3179 ceni

105 3201 232 3260 Rectoris
251 3201 387 3256 conferret
406 3218 493 3272 opem,
519 3201 648 3257 decidere
666 3199 746 3270 jactu
