2126 3532
139 119 176 185 to
289 208 292 212 ⁸
369 133 413 212 .D·
432 133 538 182 suun
554 133 762 184 Jouuunurs
1048 89 1049 174 l

138 223 280 288 <Qualibet
318 221 371 276 Ille
388 225 437 276 tuo
455 223 592 276 sententia
611 239 719 292 semper
734 223 763 276 in
781 239 830 278 ore
977 242 1015 282 ros

145 299 278 354 Versetur
296 298 339 352 dis
357 301 442 366 atque
459 298 517 367 ipso
536 297 608 352 Jove
626 298 711 367 dignu
728 304 840 368 poetae:

144 376 227 430 Unde
244 374 345 430 habeas
363 375 472 443 quaerit
490 391 577 442 nemo,
597 375 645 428 sed
663 378 773 443 oportet
791 374 926 430 babere.”

145 453 206 508 Hoc
223 455 377 506 monstrent
394 451 503 505 vetulae
520 453 613 521 pueris
630 451 789 522 repentibus
806 468 889 505 assae
897 473 907 518 ;

144 530 206 584 Hoc
223 529 332 584 discunt
350 545 444 582 omnes
463 531 527 582 ante
545 528 627 598 alpha
645 532 674 582 et
693 528 757 582 beta
773 528 891 598 puellae.

134 601 254 662 ‘Talibus
271 607 419 660 instantem
436 605 547 660 monitis
565 622 755 676 quemcunque
772 609 923 676 parentem
974 623 1009 661 mo

143 683 189 738 Sic
205 700 313 753 possem
331 683 421 738 affari:
446 683 505 750 Dic,
524 699 540 736 o
558 683 710 750 vanissime,
729 683 837 752 quiete

143 758 288 814 Festinare
302 758 384 828 jubet
391 762 401 814 'l
426 759 567 812 meliorem
584 763 695 828 praesto
712 759 845 826 magistro

141 834 319 904 Discipulum.
355 835 473 889 Securus
490 835 543 902 abi,
561 835 685 902 vinceris,
704 838 736 888 ut
755 833 829 904 Ajex

142 910 288 966 Praeteriit
307 911 488 978 Telamonem,
506 914 539 964 ut
558 909 640 964 Pelea
657 909 722 964 vicit
741 909 869 966 Achilles

141 987 313 1041 Parcendum
326 992 369 1042 est
383 987 501 1053 teneris3
519 987 640 1041 nondum
653 987 800 1056 implevere
811 986 954 1056 medullas
970 1003 1003 1042 215

141 1063 269 1118 Maturee
287 1065 359 1118 mela
376 1063 523 1132 nequitiae.
561 1063 652 1128 Quum
670 1068 781 1133 pectere
798 1062 918 1120 bubum

143 1139 272 1208 Coeperit
290 1141 323 1194 et
336 1137 410 1207 lmgi
429 1157 587 1194 mucronem
606 1141 707 1196 admitt
695 1145 755 1195 tere
771 1139 854 1193 cultri

141 1213 239 1269 Falsus
258 1215 312 1270 erit
328 1215 393 1268 test
385 1233 416 1283 rs,
435 1217 537 1270 vendet
525 1216 675 1285 tperjuriu
692 1231 798 1270 summa

140 1289 255 1358 Exigue,
277 1291 383 1345 Cereris
399 1257 516 1368 tbpgens
533 1309 664 1362 aratoque
681 1292 842 1362 pedemque.

140 1365 274 1421 Elatam'
262 1384 321 1435 jem
339 1368 421 1422 crede
439 1385 537 1422 nurum
557 1369 580 1422 si
598 1369 691 1422 limina
708 1372 800 1422 vestra
965 1383 999 1422 zu

139 1441 286 1498 Mortifera
303 1461 364 1497 cum
383 1445 450 1498 doto
467 1445 549 1499 subit
587 1444 692 1508 Quibus
709 1445 756 1497 illu
773 1446 919 1532 premetur

139 1519 195 1574 Per
213 1537 337 1574 somnum
355 1519 463 1589 digitis!
483 1538 547 1575 nem
566 1537 637 1590 quae
655 1525 783 1588 terreque
801 1520 930 1588 marique

140 1596 319 1666 Aequircnda
336 1602 418 1666 putas
436 1597 546 1651 brevior
563 1598 608 1650 vie
625 1596 748 1651 conferet
765 1595 814 1650 illi.

139 1675 238 1730 Nullus
250 1675 322 1728 enim
334 1675 426 1742 niagni
438 1673 547 1727 sceleris
558 1673 641 1728 labor.
679 1673 779 1728 “Haeo
792 1690 844 1742 ego
856 1691 996 1746 nunquam

139 1750 292 1819 Mandaviss'
312 1751 386 1804 dices
404 1751 503 1816 olim,‘
504 1754 565 1804 ‘nec
583 1749 649 1804 talia
666 1750 759 1803 suesi.²’
962 1770 996 1807 ra

139 1826 241 1881 Mentis
259 1843 341 1882 cause
359 1827 446 1880 malae
463 1831 556 1881 tamen
574 1829 618 1902 est
636 1829 664 1881 et
681 1826 756 1894 origo
774 1813 860 1896 penes
877 1831 917 1884 te.

137 1901 210 1956 Nam
229 1903 352 1972 quisquis
369 1903 460 1971 magni
478 1907 575 1957 census
592 1897 733 1972 proecepit
749 1919 873 1959 amorem

137 1963 174 2033 Et
191 1979 268 2034 laevo
285 1981 391 2033 monitu
408 1997 507 2048 pueros
525 1979 653 2049 producit
670 1995 774 2046 uvares,

138 2055 175 2108 Et
163 2057 239 2124 tqui
256 2073 306 2125 per
324 2055 434 2109 fraudes
453 2057 617 2126 patrimonia
634 2055 833 2125 conduplicare,
946 2087 949 2094 Δ

137 2132 195 2186 Dat
211 2131 322 2186 libertat
310 2136 415 2186 temet
403 2136 505 2186 ttotas
523 2133 639 2186 effundit
657 2132 777 2186 habenas
961 2149 994 2189 uo

137 2207 293 2270 Ousrioulo:
318 2225 400 2277 quem
419 2209 442 2260 si
461 2225 571 2262 revoces
590 2209 739 2263 subsistere
755 2207 843 2265 nescit

137 2284 176 2338 Et
193 2287 222 2338 te
240 2289 398 2354 contempto
416 2285 525 2354 rapitur
542 2287 677 2354 metisque
695 2285 805 2339 relictis.

136 2360 225 2415 Nemo
244 2362 311 2416 satis
329 2361 418 2416 credit
437 2365 546 2415 tentum
565 2361 730 2433 delinquere,
748 2365 885 2430 quantum

137 2435 301 2492 Permittas:
313 2439 314 2444 ’
326 2437 395 2491 odeo
412 2437 556 2506 indulgent
574 2438 626 2492 sibi
645 2438 727 2492 letius
744 2438 805 2508 ipsi.

136 2511 226 2577 Quum
245 2514 312 2566 dicis
326 2513 422 2580 juveni
441 2515 556 2568 stultum
575 2515 623 2582 qui
641 2515 726 2568 donet
744 2515 839 2580 amico,
958 2531 991 2594 up
1048 2573 1049 2578 χ

137 2589 190 2654 Qui
207 2593 399 2660 paupertatem
418 2589 492 2643 levet
510 2591 676 2660 attollatque
694 2591 855 2660 propinqui;
1040 2621 1049 2670 4

135 2665 173 2720 lit
192 2667 308 2736 spoliare
326 2665 407 2720 doces
425 2671 455 2720 et
472 2666 696 2721 circumscribere
714 2670 744 2721 et
761 2667 834 2720 omui

135 2741 255 2797 Crimine
273 2743 384 2796 divitias
402 2743 552 2812 acquirere,
571 2759 687 2812 quarum
706 2759 782 2797 anion
800 2744 828 2797 in
846 2746 877 2799 te

136 2820 261 2885 Quantus
279 2822 339 2872 eret
357 2819 465 2888 petrice
483 2819 629 2872 Deciorum
647 2821 675 2873 in
694 2826 813 2890 pectore,
833 2821 965 2890 quantum

135 2895 241 2949 Dilexit
259 2895 373 2962 Thebas,
392 2896 415 2948 si
434 2895 549 2948 Graecis
567 2913 639 2963 vera,
658 2897 829 2966 Menoeceus,
954 2914 987 2954 sn

135 2970 170 3023 In
188 2987 304 3038 quorum
322 2971 403 3023 sulcis
421 2970 543 3037 legiones
561 2969 690 3024 dentibus
709 2972 805 3039 unguis

135 3045 205 3098 Cum
223 3044 316 3112 clipeis
333 3049 483 3098 nuscuntur
499 3049 528 3098 et
546 3045 656 3099 horrida
674 3046 747 3101 bella
765 3053 913 3116 capessunt

113 3119 276 3185 uOontin'uo,
295 3123 425 3187 tanquam
443 3123 473 3172 et
490 3119 602 3173 tubicen
620 3123 771 3177 surrexerit
787 3139 892 3179 unus-

135 3193 207 3261 Ergo
225 3195 315 3262 ignem
332 3195 412 3262 cnjus
429 3193 561 3248 scintillas
578 3195 637 3264 ipse
654 3195 758 3252 dedisti
