2134 3536
427 113 561 166 suntne
576 111 627 164 VI.
704 111 708 118 '
873 161 878 170 ,
914 111 955 163 -ἙΒ

100 203 199 276 Atque
215 218 311 259 omues
328 200 426 274 implet
443 218 579 274 numeros,
598 199 758 270 dignissime
767 203 887 272 prorsus
979 249 985 258 .

100 280 204 336 Florali
216 283 348 336 metrone
365 279 442 349 tube,
460 278 513 334 nisi
533 278 556 332 si
575 278 643 348 quid
661 277 690 332 in
708 277 756 332 illo
918 293 956 332 seo

99 357 218 414 Pectore
236 357 302 426 plus
317 355 406 425 agitet
422 371 559 424 veraeque
576 357 692 425 peretur
711 370 819 410 monce.

99 433 190 500 Quem
205 437 347 502 proestare
365 435 458 500 potest
476 431 575 488 mulier
590 431 700 500 galeata
717 431 851 501 pudorem

99 509 178 574 Quae
196 511 268 578 fugit
284 527 302 564 e
318 511 404 566 sexul
439 507 521 564 Vires
539 511 620 564 emet.
657 507 735 564 Haec
753 512 847 562 temen
860 508 925 578 ipso

80 614 83 619 ·
98 584 152 642 Vir
169 587 255 642 nollet
270 585 344 640 fieri:
362 602 427 641 nem
445 585 578 655 quantula
595 587 691 640 nostre
708 583 848 654 voluptesl

95 662 188 729 Quale
207 662 291 733 decus
308 679 403 718 rerum
421 661 445 716 si
463 660 589 732 conjugis
607 660 699 716 auctio
716 660 774 728 fiet,
917 675 954 715 rm

98 737 214 794 Balteus
233 743 263 795 et
282 740 405 794 menicee
423 741 454 793 et
472 738 573 792 cristes
591 736 734 806 crurisque
752 736 857 794 sinistri

97 813 250 870 Dimidium
267 819 392 886 tegmen:
412 815 457 870 vel
474 814 499 870 si
517 813 628 869 diverse
645 812 768 872 movebit

98 890 215 960 Proelia,
232 896 266 948 tu
283 893 357 961 felix,
376 907 471 947 cereus
488 891 626 948 vendente
636 889 745 961 puelle.

98 967 163 1037 Hae
181 971 246 1023 sunt
266 985 337 1038 quse
355 968 433 1024 tenui
451 967 554 1022 sudent
571 967 600 1021 iu
617 965 737 1038 cyclade,
756 985 874 1039 querum

98 1042 218 1099 Delicias
236 1049 265 1099 et
283 1044 443 1116 panniculus
462 1043 640 1114 bombycinus
658 1043 724 1099 urit.
913 1061 951 1100 eoo

99 1120 202 1191 Aspice
220 1138 276 1189 quo
294 1121 407 1176 fremitu
425 1124 592 1176 monstratos
611 1121 734 1188 perferet
751 1120 824 1176 ictus

98 1195 135 1252 Et
153 1202 264 1266 quento-
274 1198 370 1268 galeae
389 1200 519 1252 curvetur
537 1196 667 1268 pondere,
687 1203 792 1268 quentu

98 1278 253 1350 Poplitibus
271 1279 369 1336 sedent
387 1296 470 1350 quem
486 1283 572 1340 denso
592 1279 677 1335 fascis
694 1281 773 1351 libro,

97 1357 135 1412 nt
153 1356 216 1412 ride
233 1357 329 1428 positis
347 1356 488 1426 scaphium
506 1371 591 1426 quum
609 1356 727 1412 sumitur
746 1359 836 1414 ermis.

97 1432 190 1489 Dicite
208 1451 256 1490 vos
274 1437 372 1502 neptes
391 1433 489 1504 Lepidi
508 1432 616 1488 caecive
635 1433 749 1502 Metelli,
915 1451 951 1491 ees

97 1509 220 1579 (immitis
239 1513 288 1566 eut
306 1509 393 1576 Ilebii,
413 1525 484 1580 quse
501 1508 579 1564 ludis
596 1509 725 1566 sumserit
743 1527 863 1581 unquum

97 1585 157 1640 Hos
175 1585 303 1642 hebitusl
322 1585 431 1656 quondo
449 1585 486 1640 ed
502 1585 596 1656 pelum
612 1589 707 1655 gemet
723 1604 794 1642 uxor
812 1588 907 1657 Asylil

131 1661 245 1732 Semper
262 1663 347 1717 hebet
364 1661 429 1718 lites
447 1661 608 1732 alternoque
622 1663 717 1732 jurgia
734 1665 823 1719 lectus
851 1708 853 1713 .

95 1735 131 1793 In
148 1755 204 1808 quo
220 1742 308 1809 nuptu
320 1737 412 1807 jacce
430 1737 729 1794 minimumydormitur
744 1741 774 1794 in
791 1741 845 1796 illo.

95 1813 166 1869 'lum
182 1815 272 1884 gravis
288 1814 336 1869 illo
351 1815 417 1882 viro,
436 1817 503 1870 tunc
521 1815 588 1870 orbe
604 1815 708 1885 tigride
725 1816 819 1887 pejor;
913 1833 949 1873 erc

95 1890 166 1946 'lum
183 1890 292 1946 simulet
308 1891 428 1960 gemitus
445 1890 545 1946 occulti
563 1893 672 1947 conscie
688 1893 764 1964 fecti,
1015 1886 1018 1892 ’

94 1967 157 2022 Aut
173 1966 232 2022 odit
248 1983 353 2038 pueros,
371 1969 420 2021 eut
436 1966 503 2022 ficte.
518 1966 616 2036 pellice
632 1969 729 2038 ploret,

94 2043 233 2098 Uberibus
251 2053 359 2112 semper
376 2043 496 2098 lacrimis
513 2059 676 2114 semperque
692 2047 799 2116 paratis

94 2117 131 2172 ln
147 2119 266 2174 statione
283 2135 333 2172 sue
349 2122 433 2188 etque
451 2121 673 2188 exspectantibus
690 2121 766 2182 illem

94 2195 155 2263 Quo
169 2193 269 2264 jubent
285 2211 396 2250 munere
413 2194 509 2250 modo:
529 2199 562 2251 tu
578 2197 669 2251 credis
686 2215 814 2266 amorem,
911 2217 948 2256 rrs

93 2271 136 2326 'lu
153 2271 207 2326 tibi
224 2275 298 2340 tunc,
319 2288 441 2338 curruca,
459 2271 552 2340 places
569 2271 720 2342 fletumque
738 2275 846 2334 labellis

92 2348 239 2416 Exsorbes,
258 2365 328 2419 quoe
347 2347 449 2418 scripte
466 2349 496 2403 et
514 2363 583 2417 ques
602 2349 707 2406 lecture
723 2351 849 2421 tabellas,

91 2423 121 2481 si
140 2423 194 2480 tibi
211 2423 352 2496 zelotypae
369 2425 531 2492 retegantur
549 2423 648 2479 scrinia
658 2427 808 2485 moeche‘el
829 2429 832 2434 '

55 2503 61 2514 '
90 2500 149 2558 Sed
163 2499 242 2572 jacet
258 2500 287 2555 in
305 2500 377 2555 servi
394 2498 580 2568 complexibus
598 2504 648 2556 eut
665 2503 782 2572 equitis.
810 2503 870 2575 Dic,
895 2543 896 2548 η

90 2577 143 2634 Dic
161 2577 280 2648 aliquem
298 2576 380 2632 sodes
397 2576 450 2640 hic,
470 2571 643 2646 Quintiliane,
663 2579 790 2638 colorem.
906 2600 943 2638 eso

89 2653 294 2710 “Haeremus''
328 2653 380 2708 Dic
398 2653 465 2722 ipse.
503 2653 601 2708 “Olim
618 2658 805 2726 convenerat,”
823 2658 913 2728 inquit

89 2731 155 2786 “Ut
174 2731 279 2804 faceres
290 2733 329 2786 ,tu
348 2729 423 2800 quod
441 2729 533 2800 velles,
551 2747 603 2786 nec
620 2748 675 2786 uon
694 2748 745 2802 ego
763 2750 884 2804 possem

88 2807 240 2877 Indulgere
258 2807 338 2862 mihi:
360 2807 461 2870 elumes
479 2807 547 2863 licet
565 2811 596 2863 et
613 2811 690 2864 mere
708 2810 784 2864 eselo

87 2883 255 2954 Oonfimdes,
267 2884 349 2938 homo
361 2885 444 2940 sum.”
461 2907 464 2936 t
480 2883 565 2940 Nihil
575 2888 619 2940 est
637 2885 767 2941 audacius
783 2887 839 2942 illis

86 2960 255 3030 Deprensisr
272 2962 342 3022 irem
361 2965 446 3031 etque
463 2961 568 3016 enimes
586 2978 603 3016 e
621 2961 733 3016 erimine
753 2969 874 3019 sumunt.
906 2982 942 3020 css

122 3035 207 3092 Unde
217 3036 286 3093 hoec
292 3041 421 3098 munstre
431 3041 524 3092 tumen
535 3037 579 3092 vel
596 3055 651 3108 quo
663 3037 699 3093 de
710 3039 787 3096 fonte
797 3041 933 3108 requiriri

85 3112 253 3170 Pmestebet
268 3117 361 3176 costes
378 3113 489 3168 humilis
506 3114 617 3169 fortune
636 3114 749 3170 Latinas
836 3171 839 3182 ,

86 3187 240 3260 Quondam,
258 3206 310 3248 uec
326 3189 405 3248 uitiis
421 3189 547 3262 contingi.
560 3205 645 3261 perro
662 3191 770 3258 sinebat

157 3280 221 3326 ΠΝ.
851 3285 870 3325 l)
