2164 3536
432 139 566 188 SATIRA
583 138 619 189 X.
636 97 639 108 ·
920 141 951 190 63
986 130 996 220 ἰ

101 233 194 302 Huius
212 229 260 301 qui
276 229 396 286 trahitur
413 231 586 297 praetextam
604 245 712 286 sumere
724 231 866 300 mavis,
914 289 918 303 Δ

101 309 149 364 An
167 308 333 364 Fidenarum
352 304 556 373 Gabiommqne
573 321 632 360 esse
649 310 773 375 potestas
840 373 844 382 ¹
916 322 952 364 roo

101 387 139 441 Et
154 385 190 440 de
208 400 336 438 mensura
350 381 397 450 jus
418 381 518 450 dicere,
533 399 599 438 rasa
615 379 721 438 minora
831 431 832 437 ,

102 462 248 540 Frangere,
267 476 403 529 pannosus
421 460 513 514 ιιιιιιι
530 459 638 514 Aedilis
656 458 790 516 Ulubris?

101 539 174 607 Ergo
190 529 259 606 quid
277 535 436 627 optandum
445 536 552 604 foret,
544 553 682 605 ignorasse
699 537 794 592 lateris

102 613 247 704 sejanum:
265 629 328 668 nam
347 613 393 682 qui
410 613 506 667 nimios
524 614 640 683 optabat
656 613 771 669 honores

102 691 140 747 Et
156 691 252 746 nimias
259 690 401 759 poscebat
419 705 493 758 opes,
511 706 656 744 numerosa
672 691 789 760 parabat
917 708 952 746 ιιι

103 767 234 824 Excelsae
251 766 335 820 tauris
353 765 485 835 tabulata
502 765 575 822 unde
594 765 675 821 altior
693 771 766 822 esset

103 843 187 898 Casus
204 848 233 898 et
250 842 384 912 impulsae
401 859 531 912 praeceps
549 843 668 897 immane
684 844 786 900 minae

102 919 175 986 Quid
196 920 314 1010 Crassos,
334 919 401 987 qnid
419 919 562 988 Pompeios
581 919 688 988 evertit,
706 920 828 978 stillum

102 997 151 1052 Ad
168 1013 217 1051 sua
235 997 282 1064 qui
300 994 417 1050 domitos
435 995 551 1050 deduxit
568 995 654 1064 flagra
668 961 812 1062 Quiritesl

101 1073 229 1128 Summus
246 1089 346 1142 nempe
363 1072 437 1126 loeus
455 1072 529 1126 nulla
546 1089 600 1125 non
618 1075 678 1128 arte
695 1073 952 1141 petituque

101 1151 258 1219 Magnaque
274 1149 430 1203 numinibus
447 1153 512 1203 vota
532 1149 664 1204 exaudita
679 1149 813 1218 malignis.

102 1225 150 1281 ad
166 1241 299 1295 generum
316 1225 462 1280 Οιιιιιι
441 1241 499 1278 srne
517 1225 602 1279 caede
619 1229 649 1280 et
666 1225 778 1280 vulnere
795 1228 887 1296 pauci

102 1303 280 1360 Descendunt
297 1318 376 1370 roges
395 1306 424 1358 et
442 1302 515 1356 sicca
532 1305 622 1356 morte
639 1303 755 1371 tyranni

135 1380 280 1448 Eloquium
297 1379 446 1434 sesamam
464 1377 667 1434 Demosthenis
674 1383 723 1434 aut
741 1379 878 1434 Ciceronis
954 1421 958 1430 .

102 1455 204 1526 Incipit
221 1459 317 1526 optare
334 1459 364 1511 et
381 1456 448 1510 totis
466 1455 682 1523 Quinquatribus
699 1458 836 1525 optat,
917 1470 952 1510 ιιι

103 1532 231 1601 Quisquis
248 1532 339 1587 adhuc
355 1549 410 1586 uno
427 1535 536 1602 perlem
554 1530 618 1585 colit
635 1547 697 1586 asse
714 1531 873 1600 Minervam,

103 1610 190 1676 Quem
208 1610 331 1678 sequitur
349 1612 439 1664 custos
457 1611 590 1677 angrmtae
607 1609 719 1662 vernula
735 1625 840 1679 capsae.

102 1685 216 1756 Eloquio
234 1685 285 1740 sed
301 1689 420 1754 uterque
437 1685 511 1755 perit
528 1688 637 1751 oraton
654 1689 803 1755 utrumque

103 1761 207 1831 Largus
225 1766 254 1818 et
272 1761 413 1818 exundans
431 1761 487 1816 leto
506 1757 585 1816 de'dit
602 1762 704 1830 ingenii
721 1762 787 1819 fons

104 1837 218 1908 ingenio
234 1855 330 1894 manus
347 1841 436 1892 estet
453 1839 544 1893 cervix
562 1854 658 1904 ecesa;
674 1855 725 1892 nee
741 1855 863 1909 umquam
918 1853 958 1894 rao,

103 1913 239 1984 Smrgrrine
256 1914 385 1968 causidici
403 1914 569 1968 maduenmt
586 1919 675 1969 rostra
691 1915 789 1982 pusilli.

104 1989 150 2045 “O
168 1991 336 2050 fortunatam
357 1994 450 2044 natam
470 2005 515 2046 me
535 1989 651 2046 Consule
672 1991 788 2046 Romam
800 1990 824 2047 2⁹¹

104 2067 209 2122 Antoni
226 2067 330 2136 gladios
348 2068 439 2136 potuit
456 2070 639 2135 contemnere,
657 2067 681 2122 si
698 2067 737 2122 sic

104 2143 202 2199 Omnia
219 2143 340 2200 dixisset,
375 2143 502 2200 Ridenda
520 2148 649 2213 poemata
665 2144 737 2200 malo
756 2166 761 2174 ·

104 2221 239 2286 Quanto
256 2221 424 2289 conspicuae,
444 2221 535 2276 divina
552 2220 712 2290 Philippica,
729 2221 826 2290 famae,
919 2239 954 2280 ιιι
994 2287 998 2296 ,

102 2297 227 2352 Volven‘s
245 2313 262 2351 a
279 2297 369 2366 prima
385 2313 457 2366 quae
474 2297 605 2366 proxima
642 2296 743 2352 Saevus
760 2301 792 2353 et
808 2299 885 2354 illum

104 2373 204 2432 Exitus
220 2373 329 2442 eripuit,
348 2389 431 2442 quem
447 2373 619 2428 mirabantur
637 2373 764 2428 Athenae
877 2413 878 2417 ,

103 2451 262 2505 Torrentem
281 2455 309 2504 ct
327 2449 402 2519 pleni
420 2449 610 2506 moderantem
627 2449 722 2506 fraena
738 2451 850 2508 theatri.

103 2526 153 2580 Dis
171 2526 217 2580 ille
235 2525 357 2583 adversis
374 2527 484 2594 genitus
501 2527 614 2596 fatoque
630 2527 747 2597 sinistro,

104 2603 192 2669 Quem
212 2605 300 2672 pater,
322 2601 444 2658 ardentis
464 2620 570 2658 messae
586 2603 698 2672 iuligine
717 2603 818 2674 lippus,
919 2619 957 2668 rso

103 2681 132 2734 A
150 2677 268 2736 carbone
287 2681 316 2734 et
334 2677 483 2748 forcipibus
502 2679 663 2750 gladiosque
680 2684 797 2750 parante

103 2753 207 2810 Incude
223 2759 253 2810 et
271 2753 347 2810 luteo
370 2755 495 2810 Vulcano
513 2755 551 2810 ed
569 2755 681 2812 rhetora
698 2756 782 2812 misit.

138 2830 279 2888 Bellorum
298 2832 422 2901 exuviae,
440 2831 546 2888 truncis
563 2832 644 2886 affixa
662 2833 783 2902 tropaeis

103 2907 200 2964 Lorica
217 2911 248 2965 et
266 2910 353 2965 hacta
372 2909 408 2963 de
426 2907 532 2986 casside
549 2908 664 2964 buccula
681 2907 805 2978 pendens

102 2983 141 3040 ut
161 2988 269 3041 eutrum
285 2984 421 3041 temone'
408 2977 509 3054 Jug'um
528 2985 672 3054 ιιιιιιιιιι
690 2985 811 3042 triremis
924 3000 960 3042 ree

103 3057 238 3130 aplustre
255 3065 284 3116 et
302 3077 408 3118 summo
425 3059 515 3118 tristis
533 3060 683 3131 captivus
675 3078 704 3116 m
721 3077 788 3118 areu

104 3135 244 3194 Humanis
258 3136 364 3206 maiora
381 3136 461 3218 honis
479 3137 646 3194 creduntur:
665 3136 702 3192 ad
719 3137 770 3193 hoc
785 3154 816 3195 se

11 3271 13 3292 t
104 3211 243 3269 Romarm
264 3210 417 3284 Graiusque
436 3205 468 3270 ιι
485 3213 617 3272 barbarus
633 3213 810 3284 induperator
