2126 3532
313 151 315 156 ·
401 137 535 188 SATIRA
552 138 602 187 VI.
884 143 932 192 119
964 198 965 201 Ἴ

76 229 168 286 Vicini
185 231 280 290 nostro
296 229 361 296 quia
377 225 517 295 pinguior:
542 229 571 282 et
590 225 613 280 si
630 225 699 281 adso
716 242 810 286 omues

75 307 222 362 Ditesoant
239 303 292 358 orti
308 301 456 372 pejoribus,
473 319 560 374 usque
576 319 700 358 recusem
909 321 933 360 15
1030 347 1032 364 .

73 385 182 439 Curvus
199 381 234 435 ob
252 380 283 434 id
300 379 386 434 minui
404 379 487 446 senia,
505 383 554 434 aut
571 396 687 434 coenare
705 381 763 436 sine
780 384 873 446 uncto,
973 391 976 396 “

76 460 114 514 Et
131 459 238 527 signum
256 457 284 510 in
302 456 403 524 vapida
420 472 485 510 uaso
503 455 628 526 tetigisse
645 457 750 526 lagena.

76 537 221 606 Discrepet
238 533 303 588 hinc
321 533 395 588 alius
432 533 568 600 Geminos,
586 533 744 606 horoscope,
761 551 826 590 varo

78 611 209 666 Producis
226 611 326 666 Genio:
350 610 413 664 solis
430 610 566 664 natalibus
584 613 628 664 est
646 611 693 680 qui

75 688 177 757 'lingat
191 687 251 742 olus
268 687 369 741 siccum
386 687 476 740 muria
492 687 569 740 vafer
586 687 616 742 in
634 689 717 743 colice
735 691 836 760 empta,
906 704 930 746 ιο

75 765 141 834 Ipse
153 781 261 819 sacrum
273 763 392 817 irrorans
403 763 514 831 patinae
526 763 620 834 piper;
637 763 681 818 hic
693 764 765 820 bona
777 765 860 820 dente

75 839 198 894 Grandia
215 839 405 907 magnanimus
421 838 530 908 peragit
547 855 623 908 puer.
658 838 731 894 Utor
747 856 804 908 ego,
822 845 893 912 utar,

74 916 102 970 N
104 932 135 970 ec
152 915 279 969 rhombos
296 915 358 968 ideo
376 915 482 968 libertis
499 931 601 984 ponere
617 915 717 983 lautus,

75 993 136 1046 Nec
152 996 264 1046 tenuem
282 991 377 1046 sollers
395 991 540 1045 turdarum
558 1007 638 1045 nosse
657 991 776 1047 salivam.
942 1031 949 1075 ,

75 1068 167 1122 Messe
183 1071 263 1122 tenus
280 1068 392 1138 propria
408 1068 524 1135 rive,'et
539 1068 675 1135 granaria,
693 1069 744 1138 (fas
762 1072 824 1137 est)
903 1085 928 1143 25

76 1144 179 1198 Emole.
203 1144 275 1210 Quid
287 1145 410 1198 metuasl
423 1160 495 1211 occa,
508 1148 537 1199 et
549 1161 627 1212 seges
639 1145 727 1200 altera
738 1146 766 1200 in
778 1145 863 1204 herba
875 1151 925 1202 est.

77 1223 132 1274 Ast
148 1228 227 1275 vocat
244 1221 375 1286 officium
399 1221 479 1276 trabe
496 1225 578 1290 rupta
595 1219 707 1276 Bruttia
724 1239 791 1276 saxa

76 1297 191 1352 Prendit
207 1299 309 1352 anricus
321 1299 406 1366 inops,
419 1314 532 1366 remque
549 1314 657 1352 omnem
669 1298 806 1368 surdaque
824 1302 890 1352 rota

77 1373 205 1428 Condidit
224 1374 315 1440 Ionio;
334 1373 412 1442 jacet
429 1374 488 1442 ipse
506 1373 534 1426 in
551 1373 632 1428 litore
649 1377 679 1429 et
696 1391 750 1429 una

76 1448 208 1518 Ingentes
225 1449 260 1503 do
278 1466 370 1518 puppe
388 1449 448 1516 Dei,
462 1448 575 1520 jamque
593 1448 673 1504 obvia
690 1449 791 1519 mergis
902 1465 928 1506 ao

76 1524 159 1579 Costa
176 1525 244 1578 ratis
262 1525 374 1578 lacerae
409 1525 435 1579 N
437 1541 494 1578 unc
508 1528 537 1578 et
555 1524 591 1579 de
608 1525 713 1595 cespite
731 1525 792 1580 rivo

75 1601 183 1669 Frange
201 1601 312 1670 aliquid,
330 1601 456 1670 largire'
448 1603 530 1672 mopi,
548 1619 584 1656 ne
602 1602 660 1672 pict
661 1619 693 1655 us
648 1603 822 1658 toberret

77 1671 255 1731 Caeruleum
272 1676 373 1731 tabula
375 1677 466 1732 -Sed
484 1695 598 1734 coenam
617 1673 721 1732 funeris
739 1673 820 1734 heres

74 1752 203 1821 Negliget
220 1752 313 1819 iratus
332 1755 405 1824 quod
422 1771 481 1808 rem
498 1754 662 1822 curtaveris3
686 1772 772 1810 urnae

74 1831 145 1884 Ossa
161 1829 274 1884 inodora
292 1796 376 1898 dabit,
396 1847 444 1886 seu
462 1831 568 1902 spirent
585 1831 708 1886 cinnama
726 1831 840 1888 surdum
898 1847 926 1890 35

74 1907 129 1962 Seu
146 1922 237 1962 ceraso
255 1911 370 1974 peccent
387 1907 476 1960 casiae
493 1907 599 1961 nescire
616 1912 738 1977 paratus.

74 1985 148 2037 Tunc
164 1982 237 2036 bona
253 1979 394 2036 incolumis
412 1978 537 2038 minuasl
572 1979 609 2038 ia
627 1983 737 2039 Bestius
755 1991 837 2055 urget

74 2060 207 2114 Doctores
225 2057 649 2128 Graios:“1tafit‚postquam
667 2077 763 2130 sapere
781 2061 843 2116 urbi

73 2136 142 2190 Cum
158 2137 253 2206 pipere
270 2139 300 2188 et
310 2135 407 2204 palmis
419 2136 495 2189 venit
512 2139 574 2188 nost
575 2152 636 2190 rum
651 2135 702 2190 hoo
715 2137 799 2192 muris
816 2155 923 2217 expers,

73 2211 237 2266 Foenieecae
255 2227 346 2266 crasso
363 2206 496 2266 vitiarunt
514 2211 633 2279 unguine
650 2212 767 2282 pultesss'
898 2231 924 2272 on

73 2288 150 2344 Haeo
167 2289 260 2342 cinero
278 2287 393 2342 ulterior
411 2290 534 2342 metuasl
571 2289 611 2342 At
628 2291 667 2356 tu,
685 2303 764 2344 meus
780 2287 869 2360 heres,

72 2365 201 2434 Quisquis
218 2366 281 2431 eris,
298 2365 410 2434 paulum
428 2381 445 2419 a
462 2365 546 2419 turba
563 2364 702 2422 seductior
720 2365 793 2422 audi

70 2443 94 2495 0
113 2441 184 2495 hone
213 2457 278 2494 ιιιιιιι
296 2441 421 2509 ignorasl
445 2439 528 2496 missa
545 2444 588 2496 est
605 2458 622 2495 a
640 2435 756 2496 Caesare
773 2443 867 2499 laurus

70 2517 210 2586 Insignem
228 2516 263 2571 ob
280 2517 386 2572 cladem
404 2518 557 2572 Germanae
574 2517 660 2588 pubis,
678 2520 779 2574 eteris

70 2593 199 2661 Frigidus
217 2594 359 2649 excutitur
377 2593 452 2663 cinis,
470 2609 502 2648 ac
515 2592 576 2662 jam
594 2593 718 2664 postibus
735 2611 820 2662 arma,
897 2611 923 2653 ss

68 2670 87 2724 J
90 2686 135 2726 am
153 2669 308 2740 chlamydes
325 2687 428 2740 regum,
442 2669 503 2740 jam
520 2670 596 2725 lutea
612 2687 734 2742 gausapa
751 2673 841 2742 captis
925 2677 926 2682 ’

69 2746 234 2814 lissedaque,
252 2749 430 2818 ingentesque
447 2748 519 2802 locat
538 2747 669 2802 Caesonia
687 2747 804 2803 Rhenos.

69 2822 119 2876 Dis
135 2822 220 2892 igitur
239 2823 380 2895 Genioque
399 2823 477 2880 ducis
494 2825 605 2879 centum
622 2824 699 2894 paria
716 2823 752 2878 ob
768 2840 815 2881 ros

68 2899 187 2968 Egregie
204 2905 297 2968 gestus
314 2901 430 2967 induco;
453 2901 516 2971 quis
533 2902 627 2956 vetati
651 2899 739 2968 aude;

67 2975 136 3043 Vae,
153 2975 205 3030 nisi
223 2977 363 3032 connives!
376 3020 378 3023 v
389 2978 479 3032 oleum
497 2981 692 3046 artocreasque
710 2977 817 3048 popello
896 2995 922 3033 so

67 3050 195 3120 Largium
214 3071 248 3108 an
265 3053 411 3124 prohibes'l
430 3054 474 3108 dic
492 3054 579 3110 clare!
607 3055 690 3108 “Non
707 3055 776 3109 adeo
795 3055 919 3126 (inquislz

68 3128 218 3183 Exossatus
236 3145 302 3197 ager
315 3129 398 3198 juxta
416 3132 481 3186 est.'’
507 3133 576 3200 Age,
594 3131 617 3185 si
634 3131 701 3185 mihi
719 3131 792 3186 nullu

67 3203 134 3260 aaa
151 3202 258 3273 reliqua
275 3221 309 3258 ex
327 3205 427 3276 amitis,
443 3206 575 3276 patruolis
591 3205 672 3268 nullo,
683 3207 826 3278 proneptis
