2126 3532
166 165 214 214 ire
323 166 357 213 A.
375 163 496 212 PERSII
513 163 643 212 FLAOCI
661 161 793 214 SATIRA
808 164 856 214 VI.

166 260 249 316 Nulla
266 266 360 316 manet
376 259 477 330 pauni,
495 259 597 315 sterilis
615 262 765 314 matertera
781 260 857 328 vixit,

166 337 262 406 Deque
279 340 341 393 avia
357 337 472 392 nihilum
490 339 624 406 superest,
640 337 740 391 accedo
758 337 875 402 Bovillas
982 354 998 390 s

166 414 327 483 Clivmnque
344 413 380 468 ad
398 414 486 482 Virbi,
504 418 615 484 praesto
631 417 674 468 est
691 413 757 467 mihi
775 413 882 468 Manius
901 415 982 469 heres.

165 490 335 559 “Progenies
353 491 473 546 terrast*
509 491 617 556 Quaere
635 507 670 545 ex
685 507 729 544 me
744 491 804 558 quis
818 491 886 544 mihi
902 502 1006 560 quartus

164 565 207 621 Sit
214 575 306 636 pater:
319 566 394 621 haud
400 569 536 637 prompte,
541 567 630 622 dicam
637 572 745 632 tamen3
756 566 828 621 adde
836 569 1007 630 etiemunuur,

165 641 257 698 Unum
275 644 368 713 etiam,
385 648 477 699 terrae
495 646 540 698 est
553 643 613 712 jam
630 644 715 699 filius:
735 647 765 698 et
782 644 849 697 mihi
866 645 925 698 n'tu

164 719 273 774 Manius
289 719 332 775 hic
349 721 458 790 generis
474 737 562 792 prope
580 721 668 790 major
686 722 834 776 avunculus
852 723 923 777 exit.
991 736 1011 770 u

164 795 217 862 Qui
234 798 364 866 priores,
382 811 431 852 cur
447 813 492 852 me
510 797 539 852 in
557 798 675 854 decursu
692 797 822 868 lampada
839 799 950 868 poscisl

164 873 229 928 Sum
247 875 298 930 tibi
316 875 484 942 Mercurius3
508 875 587 930 venie
606 875 682 930 Deus
699 875 752 928 huc
770 889 828 944 ego,
847 879 879 930 ut
898 875 945 929 llle

165 949 304 1018 Pingitur:
320 966 357 1005 en
371 951 481 1006 renrdsl
499 951 540 1006 vis
558 956 590 1007 tu
607 952 729 1022 gaudere
746 951 866 1006 relictis?

144 1025 249 1087 «Deest
267 1028 371 1098 aliquid
389 1045 519 1098 summae,
530 1029 616 1084 minui
634 1029 713 1084 mihi:
732 1029 781 1082 sed
798 1029 849 1082 tibi
865 1033 959 1084 toturn
976 1033 1012 1082 est

164 1099 298 1172 Quicquid
305 1103 390 1160 idest
408 1105 463 1160 Ubi
471 1106 507 1160 sit
514 1106 578 1175 fuge
587 1123 718 1176 quaerere
724 1104 797 1176 qued
804 1105 869 1159 mihi
879 1107 1012 1176 quondam

164 1180 280 1248 Legerat
302 1181 411 1251 Tadius,
428 1199 482 1238 neu
503 1183 578 1238 dicta
597 1201 699 1253 repone
717 1187 844 1252 paterna:

163 1256 304 1312 ‘Foenoris
323 1260 437 1314 accedat
458 1277 576 1326 merces;
600 1260 662 1314 hinc
682 1261 772 1314 exime
789 1262 915 1314 sumtus!

163 1333 256 1398 “Quid
268 1335 403 1404 reliquum
415 1340 458 1390 est
468 1337 494 1392 l’'
525 1335 672 1406 Reliquum
683 1337 815 1404 l-Nune
828 1353 904 1390 nune
916 1337 1011 1404 impen-

231 1427 286 1465 s1us
298 1429 378 1480 unge,

164 1481 250 1555 linge,
266 1503 341 1558 puer,
358 1490 456 1544 caules.
476 1507 477 1511 ¹
493 1487 562 1544 Mihi
580 1489 652 1543 festa
669 1489 731 1544 luce
752 1493 889 1558 coquatur

164 1563 259 1618 Ustica
279 1569 308 1619 et
328 1565 393 1620 fissa
411 1565 547 1620 fumosum
570 1565 690 1636 sinciput
710 1581 785 1634 aure,
993 1579 1009 1614 ft·

103 1695 109 1704 ,
164 1639 202 1694 Ut
221 1645 286 1694 tuus
306 1640 359 1696 iste
379 1658 464 1712 nepes
484 1643 549 1696 olim
570 1647 646 1696 satur
665 1643 769 1696 anseris
789 1642 869 1707 extis,

164 1717 232 1770 (luni
252 1731 359 1772 morosa
379 1735 447 1787 vago
467 1719 609 1787 singultiet
625 1719 736 1788 inguine
756 1735 832 1786 vena,

163 1792 299 1846 Patriciae
318 1793 442 1848 immeiat
460 1795 574 1850 vulvael
598 1795 665 1848 mihi
686 1797 775 1849 trema
795 1795 902 1863 figurae

163 1861 204 1922 Sit
222 1867 334 1938 reliqua,
353 1875 397 1926 ast
417 1871 456 1924 illi
475 1875 579 1926 tremat
599 1875 709 1927 omento
729 1889 801 1942 popa
820 1877 940 1928 venterl

197 1945 293 2000 Vende
305 1947 423 2002 animam
439 1947 521 2016 lucro,
534 1965 656 2003 mercare
673 1951 756 2016 atque
768 1953 867 2003 excute
887 1951 981 2004 solies»
991 1951 1008 1988 ⁷⁵

163 2021 251 2075 Omne
269 2019 341 2077 latus
361 2024 464 2092 mundi,
485 2041 520 2079 ne
538 2025 575 2079 sit
596 2025 780 2097 praestantior
799 2025 876 2080 alter

164 2097 338 2166 Cappadocas
356 2100 445 2170 rigida
465 2101 581 2172 pingues
600 2099 731 2172 plausisse
751 2103 871 2166 catasta3

164 2175 234 2228 Item
253 2173 370 2246 duplica.
407 2177 513 2243 “Feci;
531 2177 592 2246 jem
611 2177 720 2246 triplex,
735 2176 795 2245 jam
816 2177 882 2231 mihi
905 2185 1004 2249 quartu

163 2251 228 2305 lam
248 2250 338 2307 decies
357 2254 432 2309 redit
450 2255 478 2308 in
499 2271 610 2323 nugam
636 2253 763 2324 depunge
785 2253 833 2308 ubi
855 2254 963 2320 sistam,

164 2327 301 2395 inventus,
324 2329 482 2402 Chrysippe,
501 2331 542 2383 tui
561 2330 654 2384 finitor
672 2329 783 2383 acervi?
992 2339 1009 2376 el

163 2432 179 2462 e:-
253 2435 268 2468 41
340 2436 357 2466 ⁴}
428 2433 445 2467 ὕ
517 2433 535 2465 tl
606 2431 624 2464 'li
697 2433 713 2461 a·
784 2431 801 2464 ἦ

163 2512 181 2547 ιι
253 2515 270 2547 ιι
341 2514 357 2544 ιι
430 2512 446 2542 s
517 2508 535 2542 a
607 2507 625 2542 ιι
697 2507 714 2540 ιι
785 2505 802 2540 ιι

377 3288 555 3322 cauriensem:
569 3277 638 3319 τηις
651 3285 801 3319 acupensere.
