2164 3536
337 80 341 86 ”
398 81 546 131 :sauma
562 79 627 130 VII.
916 79 962 136 ll's

85 175 165 228 Ante
182 169 274 242 pedes.
297 168 380 224 ideo
397 169 532 223 conducta
550 168 662 223 Paullus
678 167 786 238 egebat
869 184 872 194 ·

84 247 271 316 Sardonycha,
290 249 374 316 atque
391 245 454 298 ideo
472 245 558 313 pluris
575 261 658 313 quam
676 245 777 300 Cossus
794 243 903 312 agebat,
959 269 960 272 ¹

85 327 179 391 Quam
197 324 311 378 Basilus
348 323 446 376 Rara'
439 338 468 374 m
485 321 562 376 tenui
579 321 708 378 facundia
724 335 947 388 poenal-15

85 401 205 467 Quando
222 400 287 454 licet
304 398 397 454 Basilo
414 397 526 452 flentem
543 397 697 467 producere
714 389 889 454 morena

84 477 157 543 Quis
174 477 245 531 bone
262 476 400 530 dicentem
419 473 551 528 Basilum
559 475 648 532 leuati
617 473 861 542 tAooipiatto
954 497 958 532 t

84 554 178 609 Galba
195 553 238 608 vel
255 553 346 622 potius
364 552 501 606 nutricula
517 551 715 620 caruidicorum

84 629 192 698 Africa,
211 631 234 683 si
251 629 354 698 placuit
370 627 550 682 moroedom'
543 644 684 696 rmponare
701 627 819 696 linguae.

100 707 294 761 Declamare
303 705 401 760 doeesi
437 705 569 758 Oferrea
586 708 697 772 pectora
714 703 805 772 voa,
908 667 960 769 rao?

85 785 181 849 Quum
198 782 309 852 perimit
327 783 421 835 meros
439 781 533 836 classis
549 797 694 836 numeroso
711 783 855 849 tyrannosl

84 860 113 913 N
116 876 161 912 am
174 875 351 928 quaecuuque
363 858 461 912 sedens
472 857 555 912 modo
566 857 672 926 legerat
683 857 750 912 hacc
760 857 858 916 eadem
867 841 959 923 aluus

85 932 215 990 Perierat
233 939 316 1004 atque
334 935 431 991 eadem
449 935 573 990 cantabit
588 935 712 990 versibus
729 931 825 992 isdem.
881 965 883 968 ·
947 947 959 960 ·“

85 1013 198 1067 Occidit
214 1013 328 1066 miseros
344 1011 456 1066 crambe
471 1013 592 1081 repetita
608 1012 762 1080 magistros

86 1091 158 1156 Quis
169 1091 242 1144 color
254 1093 283 1144 et
295 1089 369 1160 quod
385 1089 422 1143 sit
434 1106 531 1144 causae
542 1106 630 1157 genus
640 1092 724 1157 atque
735 1087 783 1145 ubi
792 1099 899 1148 summu
910 1071 957 1140 ιιι

86 1167 227 1235 Quaestio,
239 1183 308 1235 quac
324 1166 437 1220 veniant
454 1166 563 1220 diverso
580 1170 659 1235 parto
677 1166 801 1234 sagittae,

85 1243 115 1296 N
116 1260 178 1298 osse
194 1243 280 1297 velint
297 1259 399 1306 omnes,
417 1243 574 1296 mercedem
591 1243 695 1296 solvero
712 1258 800 1300 nemu.

88 1318 267 1375 “Mercedem
279 1319 418 1390 appellas?
430 1319 498 1388 quid
510 1319 583 1373 cuim
595 1319 650 1372 scio
658 1318 688 1373 l’'
706 1317 814 1386 “Culpa
820 1317 945 1376 doceatis

86 1396 199 1451 Scilicet
216 1397 342 1464 arguitm
359 1395 434 1464 quod
451 1395 529 1449 laeva
545 1396 574 1448 in
591 1397 672 1464 parte
689 1393 827 1455 mamillae

86 1471 136 1527 Nil
154 1473 216 1527 salit
235 1471 355 1526 Arcadio
368 1470 471 1540 juveni,
490 1471 567 1540 cuju
584 1471 653 1526 mihi
670 1473 751 1528 sexta
778 1493 782 1504 ·
908 1484 945 1524 ιιι)

83 1551 204 1618 Quaque
223 1549 269 1602 die
285 1549 416 1602 misorum
433 1548 509 1602 dirus
528 1551 611 1618 eaput
630 1546 769 1605 Hannibal
787 1545 901 1616 implum

88 1625 279 1695 Quidquid'id
294 1629 338 1679 est
356 1625 391 1680 de
409 1643 464 1695 quo
483 1625 626 1690 deliberat,
644 1642 679 1682 au
696 1626 776 1694 petat
793 1621 899 1682 Urbem

89 1705 118 1757 A
136 1703 244 1771 Cannis,
262 1719 298 1756 an
314 1705 380 1772 post
397 1697 505 1756 nimbos
522 1705 552 1756 et
568 1702 682 1756 fulmins
700 1703 797 1758 cautus
847 1767 851 1778 Ι

89 1779 265 1848 Circumugat
281 1778 405 1832 madidas
423 1795 441 1831 a
456 1781 623 1846 tempestate
641 1776 791 1833 cohortes·
948 1823 951 1838 ,

90 1856 229 1920 Quantum
246 1856 288 1909 vis
305 1854 436 1924 stipulare
454 1859 483 1909 at
500 1855 625 1924 protinus
642 1853 734 1921 aonios
752 1852 828 1922 quod
846 1853 882 1912 do
908 1865 944 1908 ius

89 1932 131 1987 Ut
148 1932 230 1987 toties
245 1931 321 1985 illum
339 1936 420 2000 pater·
437 1931 555 1986 auudiat''
592 1931 671 1986 Haeo
688 1929 735 1986 alii
753 1946 803 1990 sex
949 1943 950 1946 ’

88 2009 142 2063 Vel
159 2009 251 2076 plures
268 2025 323 2061 uno
340 2008 510 2076 conclamant
527 2024 575 2062 oro
593 2007 745 2076 Sophistoa

89 2086 127 2140 Et
144 2101 224 2140 veras
242 2085 348 2159 agitant
365 2084 429 2137 lites
447 2087 558 2153 ruptore
575 2084 688 2150 relicto;

90 2163 163 2216 Fusa
180 2177 285 2216 venena
302 2161 390 2226 silent,
409 2160 498 2214 malus
514 2160 694 2228 ingratusque
712 2150 836 2226 matous

90 2239 128 2294 Et
145 2253 216 2308 quae
232 2237 291 2306 jam
309 2240 417 2291 veteres
435 2240 532 2293 sanant
548 2236 680 2292 mummia
698 2237 807 2294 eoscos.
911 2255 944 2292 rro

89 2316 163 2384 Ergo
181 2314 233 2368 sibi
251 2313 354 2368 dabit
346 2329 406 2384 rpso
423 2312 560 2366 rudem
538 2329 562 2366 si
579 2315 673 2368 nostra
689 2311 838 2370 movebunt

90 2391 214 2459 Consilia,
233 2395 263 2445 et
280 2390 353 2444 vitoe
371 2389 511 2444 diversum
529 2389 585 2443 iter
600 2387 782 2456 ingredetur,

90 2468 138 2523 Ad
154 2483 275 2538 pugnam
293 2467 340 2536 qui
357 2466 497 2520 rhetorica
513 2465 657 2521 descendit
674 2463 710 2520 ab
727 2462 833 2533 umbra,
945 2521 947 2530 ¹

90 2544 228 2600 summula
245 2559 281 2596 ne
298 2546 394 2612 pereat
412 2557 467 2612 quo
483 2542 544 2596 vilis
560 2545 666 2598 tessera
683 2541 760 2600 veno

90 2613 245 2676 meenti:
270 2619 373 2689 quippe
390 2619 458 2673 haec
474 2635 578 2674 memes
595 2617 754 2676 bussina
789 2617 878 2678 senaa
908 2599 947 2674 ms

91 2698 279 2766 Chrysogonus
297 2696 394 2766 quanti
410 2696 509 2752 doceat
525 2695 569 2751 vel
587 2694 675 2751 Pollio
694 2695 792 2764 qunti
926 2721 928 2728 >

89 2775 237 2830 Lautorum
254 2789 362 2842 pueros,
381 2777 470 2828 artem
487 2772 614 2828 scindens
632 2771 781 2830 uheooori.

90 2851 193 2906 Balnea
209 2849 348 2904 sexcentis
363 2855 393 2905 et
410 2850 496 2920 pluris
513 2849 636 2919 porticus
653 2848 682 2906 iu
700 2863 776 2918 qua·

91 2929 220 2984 Gestatur
236 2926 362 2980 dominus
380 2927 487 2996 quioties
504 2925 582 2995 pluit
618 2925 701 2980 Anna
718 2941 845 2984 aaronem

90 3005 240 3074 Exspectat
257 3005 423 3072 spargatque
440 3002 499 3058 luto
513 3004 642 3072 jumenta
658 3003 778 3058 recontil
908 3017 943 3060 iso

92 3081 145 3135 llio
161 3079 259 3149 potius,
278 3095 396 3150 namque
413 3080 458 3136 hio
474 3079 593 3134 mundae
609 3079 684 3134 nitet
699 3079 802 3148 iugula
818 3081 917 3138 nune.

92 3157 174 3212 l’arto
191 3154 249 3214 alia
262 3155 352 3224 longis
362 3154 645 3219 -Numidanuntilta
655 3155 797 3228 cablaam„
908 3211 910 3214 ,
931 3205 938 3214 Δ
