2126 3532
380 131 514 181 sarran
531 131 591 180 xv,
691 125 694 130 ’
811 112 814 118 ’
885 129 929 182 as:

43 219 134 276 Nam
154 237 242 290 genus
260 219 312 274 hoc
331 219 392 274 viro
407 217 468 286 jam
486 217 665 275 decrescebat
683 215 822 287 Homero3

47 297 145 350 'ferra
165 295 251 350 mulos
271 295 394 348 homines
411 312 483 351 nnnc
503 295 602 350 educet
620 299 704 364 atque
722 298 841 365 pusillos.
891 309 915 348 ro

44 373 133 442 Ergo
154 373 229 440 deus,
251 372 405 442 quicunque
425 371 541 441 aspexit,
558 371 636 426 ridet
654 375 684 426 et
703 371 769 427 odit.

48 453 83 505 A
107 449 277 504 diverticulo
295 453 438 518 repetatur
455 449 554 504 fabula
591 447 741 518 Postquam

48 526 196 582 Subsidiis
216 526 290 580 aucti
308 541 372 594 pars
391 526 478 580 attera
496 541 623 596 promere
641 527 744 581 ferrum

49 603 157 658 Audet
177 605 206 656 et
225 603 338 656 infestis·
349 619 471 672 pugnem
493 604 648 657 instaurare
667 602 782 672 sagittis,

50 679 149 749 Terga
168 680 233 748 fuge
252 679 333 734 celeri
353 679 558 748 praestantibus
577 679 832 748 omnitenentem
889 677 929 734 rs?

51 757 112 822 Qui
131 757 221 811 vicina
234 754 331 811 'colunt
350 756 495 810 umbrosae
514 755 632 826 Tentyra
645 756 772 826 'palmae

52 834 178 888 Labitur
195 833 258 888 hinc
277 833 388 902 quidam
409 833 492 887 nimie
510 833 656 888 ionnidinc
675 847 785 886 cursum

52 911 255 980 Praecipitem,
275 911 450 980 capiturque:
470 913 514 964 ast
531 911 608 964 illurn
626 911 655 962 in
674 909 791 979 plurima
804 912 929 965 sectum-

51 987 161 1041 Frusta
180 991 209 1042 et
227 985 384 1057 particulas,
403 991 435 1042 ut
453 987 547 1041 multis
566 990 689 1040 mortuus
707 999 778 1039 unus

52 1063 319 1130 sententiosum
339 1064 455 1118 corrosis
474 1062 579 1118 ossibus
598 1063 659 1117 edit
888 1079 914 1118 so

50 1140 168 1194 Victrix
183 1142 288 1206 'turba3
306 1157 357 1195 nec
378 1141 487 1194 ardenti
505 1139 616 1194 decoxit
637 1155 705 1194 oeno

54 1217 120 1271 Aut
138 1217 273 1282 verubus3
292 1217 402 1286 longum
422 1231 510 1286 usque
529 1216 599 1270 adeo
617 1217 784 1286 tardumque
798 1217 912 1287 putarit

53 1293 226 1362 Exspectare
245 1294 326 1360 socos,
347 1297 479 1348 contente
495 1293 628 1347 caderem
646 1293 739 1349 crudo.

54 1369 114 1423 Hic
132 1369 254 1438 gaudere
274 1369 344 1424 libet
362 1369 436 1438 quod
454 1382 516 1423 non
526 1369 668 1424 violaverit
685 1369 784 1438 ignem,

55 1446 150 1511 Quum
171 1461 276 1500 summe
295 1445 363 1500 caeli
382 1450 492 1516 raptum
512 1445 548 1500 de
565 1449 646 1516 perte
666 1445 848 1502 Prometheus
886 1445 926 1499 ss
980 1490 984 1502 .

54 1521 179 1576 Donavit
197 1523 284 1578 terris
322 1523 465 1577 Elemento
484 1522 607 1592 patmon
625 1526 655 1577 et
673 1527 703 1577 te

55 1598 204 1653 Exsultere
225 1615 294 1655 reor.
332 1600 389 1655 Sed
408 1601 456 1670 qni
474 1600 602 1654 mordere
620 1600 738 1656 cadaver

57 1674 194 1729 Sustinuit
212 1675 251 1729 nil
265 1691 385 1746 unquam
407 1677 458 1730 hac
477 1691 557 1731 carne
576 1676 706 1731 libentius
728 1676 793 1733 edit
855 1703 858 1713 ·

55 1749 131 1805 Nam
149 1751 251 1806 sceiere
269 1753 298 1806 in
316 1757 394 1808 tanto
411 1765 446 1807 ne
468 1770 583 1822 quaeras
604 1757 634 1808 et
653 1753 763 1808 dubites
774 1765 816 1808 'en

55 1826 150 1882 Prima
168 1828 337 1897 voluptatem
356 1829 421 1898 gula
440 1831 571 1896 senserit3
590 1831 705 1886 ultimus
723 1833 816 1886 autem
885 1847 925 1886 ιιι

57 1903 111 1974 Qui
131 1903 209 1958 stetit
228 1905 354 1959 absumto
370 1905 430 1973 jam
449 1911 508 1960 toto
528 1922 650 1976 corpore,
670 1907 759 1962 ductis

55 1979 113 2034 Per
130 1983 234 2034 terrem
254 1981 355 2050 digitis,
374 1981 478 2049 aliquid
498 1983 534 2037 de
553 1985 684 2051 sangiune
702 1988 805 2053 guter.

54 2055 202 2124 Vascones,
220 2057 287 2111 haec
305 2058 378 2111 farno
398 2061 448 2126 est,
467 2059 603 2112 adimentis
622 2059 724 2114 talibus
743 2061 807 2115 olim
845 2109 846 2112 ,

57 2133 217 2187 Produxere
236 2134 356 2200 animam
373 2135 422 2188 sed
440 2151 484 2190 res
504 2135 760 2203 discesseritis

56 2209 316 2265 Fortunae'invidia
333 2213 376 2264 est
393 2210 583 2280 bellorumque
600 2211 704 2280 ultima,
722 2223 802 2266 caste
884 2213 924 2268 ssi

56 2287 190 2354 Extremi,
209 2288 306 2356 longae
324 2287 385 2341 dira
402 2287 552 2342 obsid-ionis
569 2291 685 2356 egestas.

58 2363 149 2434 Huius
165 2364 237 2417 enim
256 2363 331 2433 quod
349 2379 420 2419 nune
437 2365 529 2432 agitur
545 2360 703 2419 miserabile
720 2363 805 2420 debet
923 2402 950 2440 a.

57 2440 219 2509 Exemplum
237 2451 297 2495 esse
315 2439 383 2507 cibi;
407 2441 477 2496 sieut
495 2440 576 2496 modo
594 2441 671 2497 dieta
686 2441 754 2494 mihi
771 2455 838 2509 gena

58 2516 125 2572 Post
141 2532 233 2572 omnes
251 2517 357 2584 herbas,
375 2521 438 2586 post
455 2521 553 2572 cuneta
571 2517 705 2585 emendis,
725 2517 873 2587 quidquid

59 2593 115 2661 cog
116 2593 179 2648 obet
167 2595 274 2649 tracui
290 2594 397 2648 ventris
412 2595 496 2662 furor,
513 2595 663 2650 hostibus
655 2595 722 2664 ipsis
871 2591 922 2648 10⁰⁷

59 2639 190 2725 Paborem
208 2688 240 2726 ac
252 2671 372 2726 meciern
390 2674 420 2726 et
435 2675 531 2726 mnacs
548 2671 742 2726 miserantibus
757 2674 844 2738 ertia,

61 2745 181 2800 Membra
198 2748 286 2802 aliena
302 2749 376 2802 ieme
391 2748 550 2802 lacerabant
567 2763 626 2802 esse
643 2748 733 2818 purati
917 2746 920 2756 '

61 2821 158 2877 Εῢιιιιι
188 2823 319 2888 Quisnam
330 2825 469 2878 hominum
481 2825 587 2880 reniam
599 2824 665 2879 dare
666 2825 780 2894 ‚quisve
791 2823 906 2882 deorum

61 2897 167 2953 Viribus
184 2901 311 2956 abnuerit
329 2902 389 2955 dira
404 2901 514 2970 atque
506 2901 636 2956 rmmsnia
652 2901 746 2970 passis,
804 2935 805 2938 =
920 2939 924 2948 -

62 2974 97 3029 iit
85 2973 207 3044 tquibus
224 2967 332 3032 illorum
350 2977 504 3048 poterant
496 2991 638 3046 ignoscere
654 2991 750 3032 manes
869 2991 906 3031 105

63 3050 176 3116 Quorum
194 3054 352 3122 corporibus
368 3051 566 3110 vescebantur-t
601 3051 701 3109 Melius
717 3067 767 3108 nos
850 3089 852 3094 ·
919 3051 924 3098 ἶ

62 3127 168 3182 Zenonis
186 3134 335 3200 praecepta
351 3133 476 3194 monent:
494 3147 545 3186 nec
563 3131 636 3186 enim
653 3130 750 3195 omnia,
768 3129 923 3267 quaedum

63 3202 112 3259 Pro
127 3205 183 3260 vita
199 3204 325 3259 faciendo
340 3209 428 3276 putet
458 3171 521 3261 bed
538 3207 608 3263 (ient
608 3206 676 3262 eber
692 3171 828 3266 unde
880 3243 899 3252 ..
910 3214 923 3253 1
