2126 3532
341 239 345 243 ·
393 222 526 274 SATIRA
543 224 566 272 1.
585 221 623 270 11.
884 219 932 274 lo?

76 317 107 372 Si
129 315 221 384 cynico
238 311 352 368 barbam
371 313 498 381 petulans
516 313 628 366 nonaria
646 311 736 365 vellat.

78 392 133 446 His
153 405 234 444 mane
252 388 391 458 Edictum,
409 394 472 459 post
490 388 605 458 prandia
624 386 759 443 Calliroen
780 387 822 440 do.

372 726 515 782 SATIRA
535 725 577 781 II.

81 858 175 925 Horo,
195 853 324 924 Macrine,
345 855 418 909 diem
439 871 555 910 numera
572 853 684 910 meliore
704 853 803 928 lapillo,

81 933 135 997 Qui
156 933 208 987 tibi
227 932 350 986 labentes
371 931 486 1000 apponit
505 931 638 984 candidus
659 949 762 996 annos;

80 1008 179 1062 Funde
200 1025 306 1062 merum
326 1006 419 1062 Genio.
455 1008 518 1062 Non
536 1010 570 1061 tu
589 1024 672 1077 prece
692 1008 781 1076 poscis
799 1007 884 1062 emaci

82 1087 160 1150 Quae
180 1085 233 1139 nisi
253 1084 374 1140 seductis
394 1102 514 1154 nequeas
536 1085 708 1139 committere
727 1085 804 1139 divis.

80 1165 122 1216 At
141 1161 213 1216 bona
233 1179 296 1231 pam
316 1177 460 1230 procerum
478 1161 564 1214 tacita
585 1159 680 1214 libavit
699 1176 807 1214 acerra:
925 1175 937 1212 5

81 1237 167 1293 Haud
183 1237 267 1292 cuivis
280 1239 439 1308 promptum
456 1239 499 1290 001
514 1253 691 1304 murmurque
707 1235 879 1305 humilesque
894 1251 938 1288 su-

151 1331 241 1369 surros
757 1339 761 1362 l
818 1349 823 1358 ·

82 1391 190 1446 Tollere
208 1391 243 1446 de
261 1391 372 1462 templis
390 1395 421 1450 et
439 1395 536 1463 aperto
553 1392 645 1447 virere
662 1395 734 1448 voto.

79 1467 175 1521 ‘Mens
187 1467 267 1536 bona,
278 1468 358 1529 fama,
373 1470 458 1538 fides,’
471 1469 539 1524 haec
548 1469 621 1522 clare
634 1471 707 1522 0101
719 1467 815 1522 audiat
826 1466 937 1537 hospes:

80 1543 135 1597 llla
154 1543 206 1597 sibi
225 1543 373 1598 introrsum
393 1548 422 1598 et
442 1544 493 1600 sub
512 1545 604 1612 lingua
621 1543 826 1596 immurmurat:
850 1544 884 1593 ‘ll
907 1541 929 1592 si

80 1618 202 1673 Ebulliat
224 1623 347 1688 patruus,
368 1621 538 1690 praeclarum
556 1617 663 1673 funusl’
682 1623 719 1689 et,
743 1618 778 1672 ‘0
800 1619 822 1672 01
915 1630 940 1670 10

80 1694 139 1750 Sub
158 1693 247 1749 rastro
265 1701 361 1766 crepet
380 1696 488 1764 argenti
511 1695 578 1748 mihi
597 1695 669 1750 seria
687 1696 788 1750 dextro

81 1771 209 1838 Hercule,
229 1772 399 1843 pupillumve
419 1773 524 1828 utinam
543 1789 626 1841 quem
645 1772 785 1842 proximus
806 1771 889 1826 heres

80 1847 199 1917 impello
212 1865 376 1917 expungam,
389 1865 507 1917 namque
520 1853 563 1902 001
574 1848 712 1903 scabiosus
722 1852 751 1902 et
763 1848 820 1902 acri

80 1923 142 1978 Bile
156 1924 263 1980 tumet!
299 1925 399 1978 ‘Nerio
407 1923 466 1992 jam
479 1925 565 1980 tertia
577 1924 705 1980 conditur
716 1926 802 1978 uxor?

80 2001 159 2055 Haec
176 2004 270 2055 sancte
287 2004 320 2058 01
339 2018 443 2071 poscas,
463 2000 590 2055 'liberino
606 2001 634 2054 in
652 2002 762 2069 gurgite
782 2004 883 2070 mergis
916 2014 940 2056 15
1019 2065 1036 2078 ¹

80 2077 164 2131 Mane
185 2080 267 2146 caput
286 2076 328 2130 bis
350 2081 455 2146 terque,
474 2080 504 2131 et
524 2081 632 2132 noctem
654 2077 766 2130 flumine
785 2095 893 2146 purgas.

81 2151 160 2207 Heus
179 2169 239 2221 age,
259 2153 409 2222 responde;
431 2153 573 2210 minimum
591 2157 634 2208 001
654 2153 729 2222 quod
747 2154 816 2206 scire
834 2153 940 2207 laboro:

80 2229 124 2284 De
144 2229 216 2284 Jove
237 2228 304 2298 quid
327 2229 430 2284 sentisl
454 2233 534 2284 estne
553 2231 586 2282 ut
605 2245 777 2298 praeponere
797 2247 876 2284 cures

81 2305 164 2360 Hunc
188 2305 330 2372 cuiquaml
367 2305 506 2360 “Ouinam
529 2304 603 2360 visl”
638 2303 721 2360 Staio.
760 2306 807 2360 An
836 2305 941 2360 scilieet

151 2381 265 2437 haeresi

81 2459 149 2524 Quis
170 2458 261 2528 potior
278 2457 376 2528 judex,
394 2461 522 2530 puerisve
542 2460 603 2529 quis
623 2459 716 2529 aptior
733 2459 823 2514 orbisl
918 2471 945 2513 00

82 2535 144 2590 1100
164 2536 249 2604 igitur
269 2552 323 2604 qno
342 2540 375 2590 10
393 2537 471 2590 Jovis
493 2554 587 2590 aurem
607 2536 750 2605 impellere
768 2539 860 2590 tentas

82 2613 133 2666 Dic
154 2611 273 2680 agedum
295 2613 384 2667 Staio:
410 2611 494 2682 ‘proh
514 2613 640 2682 Jupiter!
667 2613 771 2666 obone
789 2613 909 2681 (clamet)

81 2687 223 2758 Jupiterl'
258 2689 299 2742 At
320 2705 380 2743 sese
403 2705 457 2742 nou
479 2689 580 2744 clamat
600 2689 715 2758 Jupiter
733 2688 809 2755 ipsel

83 2764 223 2831 Ignovisse
244 2769 334 2834 putas,
355 2764 420 2834 quia
438 2782 501 2820 cum
522 2768 601 2820 tonat
622 2765 697 2818 ocius
718 2763 773 2818 ilex

82 2839 191 2894 Suliure
213 2840 360 2895 discutitur
380 2858 458 2895 sacro
477 2859 560 2910 quam
579 2844 667 2910 tuque
686 2840 848 2910 domusque.
918 2861 942 2899 ar

83 2919 128 2972 An
148 2917 292 2986 quianon,
314 2918 391 2972 fibris
410 2919 501 2977 ovium
522 2919 704 2987 Ergennaque
721 2917 848 2986 jubente,

82 2995 172 3049 Triste
188 2993 266 3063 jaces
287 2995 355 3050 lucis
374 2995 589 3064 evitandumque
610 2993 742 3058 bidental,

84 3070 191 3126 Idcirco
210 3069 339 3126 stolidam
359 3071 475 3138 praebet
496 3071 550 3126 tibi
568 3071 669 3126 vellere
688 3069 803 3125 barbam

82 3146 215 3216 Jupiterl
238 3150 269 3202 at
290 3147 421 3216 quidnam
442 3151 493 3216 est,
512 3152 619 3216 quatu
638 3146 764 3202 mercede
784 3147 907 3202 Deorum

83 3223 188 3276 limeris
207 3223 359 3276 auriculasl
383 3222 513 3292 pulmone
533 3227 562 3278 ct
581 3223 697 3278 lactibus
716 3223 824 3277 unctisl
919 3234 940 3248 '⁹

84 3297 156 3354 Ecce
179 3300 247 3368 avia,
268 3303 317 3354 aut
336 3303 462 3354 metuens
481 3299 575 3354 divum
594 3301 749 3365 matertera,
770 3297 847 3354 cunis
