2126 3532
116 141 171 232 rna
388 173 708 228 annnsrrsaacor

124 269 234 325 Exemit
254 283 377 339 puerum,
396 267 568 334 frontemque
588 269 673 334 atque
690 267 749 322 ude
766 267 877 324 labella

123 345 222 400 Infumi
239 344 327 414 digito
344 346 374 398 et
391 341 557 401 lustralibus.
567 346 632 398 ante
649 342 741 397 salivis

123 421 231 490 Expiet,
249 424 361 476 urentes
378 419 469 474 oculos
486 417 610 473 inhibere
626 420 724 490 perita.

123 497 199 552 'lunc
210 497 335 551 manibus
347 497 444 566 quatit,
452 499 486 550 et
497 513 574 566 spem
586 497 846 567 macram-supplice
859 499 935 553 voto
974 512 998 550 es
1033 545 1034 548 ,

124 574 151 628 N
153 591 205 628 une
223 573 310 628 Licini
327 573 356 628 in
374 590 492 644 campos,
511 590 582 627 nunc
602 574 694 628 Crassi
710 574 800 630 mittit
816 575 850 628 in
868 575 971 630 aeden

125 651 222 706 ‘Hunc
239 654 337 720 optent
353 668 485 720 generum
502 669 551 720 rer
570 653 600 706 et
616 652 726 720 regina3
748 651 862 722 puellae

125 727 208 782 Hune
225 727 350 799 rapient3
375 727 506 798 quicquid
522 728 669 783 calcaverit
688 727 734 782 hic
753 743 815 782 rosa
830 729 920 796 fiutl'

125 805 180 860 Ast
197 821 248 873 ego
265 804 367 860 nutrici
384 821 439 859 nen
458 805 559 859 mando
577 808 657 872 vete3
680 807 789 873 negato,

125 880 243 951 Jupiter,
261 880 330 938 haec
341 880 389 955 illi,
408 882 531 950 quamvis
548 884 578 936 te
594 882 687 936 albeta
703 883 815 950 regerit
972 899 995 938 ιι

160 957 253 1012 Poscis
270 973 349 1027 opem
367 959 458 1012 nervis
475 974 628 1028 corpusque
644 958 727 1012 fidele
745 962 883 1014 senectae

125 1033 193 1089 Esto
210 1050 276 1102 age:
301 1034 351 1088 sed
367 1034 486 1103 grandes
503 1035 614 1104 patinae
631 1037 780 1104 tucetaque
797 1052 893 1090 crassa

125 1111 257 1166 Annuere
274 1109 317 1164 his
334 1127 447 1180 superos
464 1114 576 1166 vetuere
594 1111 748 1180 Jovemque
765 1117 921 1167 merantur.

160 1185 232 1243 Rem
250 1190 356 1242 struere
374 1191 490 1259 exoptas
506 1203 585 1242 caeso
603 1187 679 1254 bove,
699 1187 932 1258 Mercuriumque

126 1262 250 1320 Arcessis
267 1263 350 1330 fibra:
374 1263 426 1318 ‘da
443 1265 584 1318 fortunare
603 1263 730 1332 Penates,
833 1271 835 1276 '
966 1283 991 1322 ⁴⁵

126 1341 170 1395 Da
186 1356 270 1411 pecus
288 1343 317 1394 et
333 1340 462 1409 gregibus
480 1339 596 1395 letuml'
632 1339 699 1408 Quo,
717 1341 843 1410 pessime,
862 1345 961 1414 pecto,

126 1418 179 1472 'lot
195 1415 249 1472 tibi
266 1433 329 1472 cum
346 1417 375 1471 in
392 1417 515 1471 flammas
529 1417 652 1486 junicum
669 1423 779 1473 omenta
796 1418 973 1488 liquescenti

127 1495 164 1550 llt
181 1496 274 1550 tamen
291 1493 335 1548 hic
353 1493 425 1548 extis
443 1498 473 1550 et
490 1495 581 1564 opimo
598 1495 708 1548 vincere
724 1495 796 1550 ferto

127 1570 267 1626 Intendit:
291 1569 324 1622 ‘J
326 1587 378 1640 am·
389 1571 488 1625 crescit
505 1587 578 1638 ager,
592 1569 653 1640 jem
671 1571 769 1626 crescit
786 1571 865 1636 ovile,

126 1647 146 1700 J
148 1663 192 1701 am
210 1646 329 1715 dabitur,
343 1646 410 1715 jum,
425 1646 501 1715 jam,’
519 1646 605 1702 denec
624 1647 757 1716 deeeptus
774 1651 804 1702 et
821 1661 925 1716 exspes
963 1659 987 1698 sc

126 1721 154 1777 N
155 1722 316 1792 equiequem
332 1723 418 1779 funde
435 1723 556 1793 suspiret
573 1739 701 1778 nummus
717 1725 746 1777 in
763 1723 828 1778 imo.

161 1799 190 1855 si
207 1799 258 1854 tibi
275 1802 397 1854 crateras
414 1799 522 1868 argenti
539 1801 688 1872 incusaque
705 1801 801 1870 pingui

128 1879 206 1932 Auru
223 1877 296 1931 dona
310 1877 405 1944 ierem,
423 1876 505 1931 eadm
523 1881 553 1932 et
569 1881 682 1948 pectore
699 1877 776 1931 laeve

126 1953 259 2009 Excutiet
276 1956 371 2024 guttas
392 1952 490 2008 laeteri
508 1953 713 2024 praetrepidum
731 1969 783 2010 cer.

128 2030 202 2086 Hinc
219 2029 288 2084 illud
305 2029 390 2084 subiit
407 2047 474 2084 auro
486 2047 575 2084 sacras
594 2030 669 2100 qued
686 2033 767 2085 ovate

127 2102 259 2163 Perducis
276 2106 373 2170 faciem
396 2123 461 2162 nam
479 2107 579 2160 fratres
597 2105 670 2161 inter
688 2107 789 2162 ahenos

129 2183 240 2238 Somnia
256 2183 357 2252 pituita
374 2183 422 2251 qui
439 2183 633 2253 purgatissima
650 2184 764 2238 mittunt

127 2259 272 2329 Praecipui
289 2263 376 2326 sunto,
394 2259 487 2329 sitque
503 2259 555 2313 illis
575 2277 658 2314 aurea
675 2260 768 2316 barbe.

163 2337 271 2391 Aurum
290 2353 355 2390 vase
372 2336 480 2390 Numae
499 2336 681 2406 Saturniaque
699 2338 807 2410 impulit
825 2357 895 2410 acra,

129 2412 310 2483 Vestalesque
326 2431 410 2468 urnas
428 2417 457 2468 st
475 2413 592 2468 lineum
610 2413 695 2467 fictile
712 2419 809 2468 mutat.

129 2490 153 2544 0
171 2505 269 2544 curvae
285 2489 315 2544 in
332 2494 421 2545 terras
434 2491 547 2544 'animae
565 2493 595 2544 et
613 2489 770 2544 caelestium
787 2491 894 2546 inanes!

129 2565 202 2631 Quid
215 2565 302 2638 juvet·
314 2567 373 2636 hoc,
391 2567 501 2638 templis
519 2570 628 2621 nestros
649 2565 798 2621 immittere
816 2583 911 2633 meres,

129 2643 166 2698 Et
182 2642 255 2698 bena
272 2643 323 2697 Dis
341 2661 375 2698 ex
393 2644 446 2702 hae
462 2644 596 2698 scelerata
615 2643 715 2698 ducere
733 2643 834 2714 pulpal

129 2721 207 2776 Haec
225 2721 277 2776 sibi
295 2725 423 2792 corrupte
442 2721 543 2775 casiam
561 2720 684 2774 dissolvit
702 2719 779 2788 olive,

129 2798 207 2856 Haec
225 2797 372 2853 Calabrum
390 2798 466 2852 coxit
482 2797 579 2852 vitiato
597 2797 700 2852 murice
712 2797 805 2864 vellus,
950 2815 974 2854 ee
1033 2855 1034 2880 ,

129 2875 208 2930 Haec
223 2875 336 2930 baccam
354 2873 473 2928 conchae
490 2875 597 2944 rasisse,
617 2877 646 2927 et
664 2873 798 2942 stringere
815 2890 894 2932 renus

129 2949 273 3004 Ferventis
291 2965 396 3002 messae
414 2949 498 3002 crudo
516 2948 553 3002 de
570 2948 683 3020 pulvere
695 2947 788 3016 jussit.

129 3023 231 3077 Peccat
246 3026 280 3076 et
292 3023 366 3087 haec,
382 3026 494 3090 peccat3
517 3023 583 3076 vitio
601 3026 693 3078 temen
712 3025 806 3080 utitur.
843 3025 883 3082 At
897 3042 940 3080 res

129 3097 228 3163 Dicite,
246 3097 399 3163 Pontifices,
417 3098 446 3150 in
463 3115 540 3151 sacro
559 3098 627 3166 quid
643 3099 712 3153 lacit
729 3101 845 3157 aurunt

130 3171 236 3239 ''cmpe
252 3171 303 3224 hcc
320 3171 395 3238 quod
412 3171 515 3224 Veneri
533 3172 651 3226 denatae
668 3191 686 3228 a
703 3175 809 3243 virgine
826 3193 915 3248 pupae.
941 3194 963 3234 re

176 3245 201 3298 iu
219 3244 316 3298 demus
333 3245 363 3298 id
380 3247 486 3312 superis
503 3245 540 3300 de
557 3263 656 3314 magna
674 3251 750 3317 quod
769 3251 836 3306 dere
852 3251 919 3306 lance

184 3493 365 3508 ·-·“·-·-’
386 3493 454 3502 ²-
468 3493 700 3522 ·.·..·--=-····‘*
712 3495 1026 3516 ·-—--*——-—--

194 3520 201 3530 .
