2164 3536
130 125 159 178 tl
365 121 398 172 D.
416 121 523 174 JUNII
540 119 751 171 JUVENALIS

128 214 337 268 Irritamentum
355 211 470 266 Veneris
488 211 644 281 languentis
661 215 691 266 et
709 229 785 268 acres
834 211 836 218 ’

127 290 228 344 Divitis
248 288 359 344 urticae
395 288 485 358 Major
503 292 596 346 tamen
615 290 669 344 ista
687 290 814 360 voluptas

127 365 253 421 Alterius
270 381 365 422 sextis:
389 365 476 434 magis
495 365 541 420 ille
558 365 726 434 extenditur,
745 371 774 424 et
792 382 857 422 mox

128 441 249 498 Auribus
268 445 353 512 atque
373 440 458 498 oculis
476 446 609 512 concepta
626 442 706 498 urina
724 447 857 498 movetur.
954 459 990 498 111

126 518 153 572 N
154 535 189 572 on
206 518 280 588 capit
298 518 348 573 has
365 535 453 588 nugas
471 519 582 573 humilis
601 519 712 574 domus:
737 519 831 574 audiat
849 519 897 574 ille

126 595 269 650 'festarum
287 595 408 665 crepitus
427 611 489 650 cum
507 595 597 650 verbis
614 595 718 649 nudum
737 595 809 649 olido
828 598 906 650 stam

126 671 241 726 Fornice
257 673 421 741 mancipium
440 672 540 742 quibus
557 672 685 739 abstinet,
704 671 750 726 ille
768 672 877 728 fruatur

124 748 246 804 Vocibus
264 747 405 803 obscoenis
424 750 552 820 omnique
570 749 692 804 libidinis
710 753 777 817 arte,

125 825 179 890 Qui
198 825 444 884 Lacedaemonium
461 827 609 897 pytismate
628 826 746 881 lubricat
765 825 865 884 orbem.
947 839 984 881 111

125 903 252 973 Namque
269 902 308 957 ibi
326 904 454 957 forturme
472 904 578 958 veniam
597 903 707 966 damus;
729 903 790 956 alea
806 901 907 972 turpla'

124 979 213 1049 Turpe
231 982 261 1034 et
278 979 445 1034 adulterium
462 979 651 1034 mediocribus
689 979 767 1034 Haec
785 978 883 1033 eudem
902 978 942 1032 illi

124 1055 222 1110 Omnia
240 1073 325 1126 quum
343 1055 447 1110 faciunt
464 1056 565 1110 hilares
583 1055 720 1124 nitidique
738 1058 876 1110 vocantur.
931 1101 936 1110 .

123 1131 226 1187 Nostra
244 1132 351 1187 dabunt
368 1132 436 1186 alios
454 1131 537 1187 hodie
556 1133 680 1187 convivis
696 1132 789 1188 ludos:

124 1207 256 1264 Conditor
274 1209 378 1264 Iliados
397 1209 655 1280 cantabitur-atque
673 1209 794 1264 Maronis
945 1220 983 1261 isc

125 1285 244 1340 Altisoni
264 1285 376 1340 dubiam
394 1286 522 1339 facientia
541 1281 662 1340 carmina
680 1285 804 1355 palmam
968 1307 970 1312 ’

124 1361 196 1428 Quid
214 1365 300 1418 refert
316 1363 386 1416 tales
403 1377 498 1416 versus
517 1379 572 1430 qua
591 1379 656 1418 voce
675 1362 820 1431 leganturl

158 1437 213 1492 Sed
231 1455 303 1492 nunc
322 1438 416 1492 dilatis
435 1441 530 1492 averte
548 1439 658 1508 negotia
676 1438 748 1493 curis

123 1515 160 1569 lit
178 1517 286 1582 gratam
303 1513 426 1583 requiem
446 1513 518 1568 dous
536 1515 597 1584 tibi,
616 1516 726 1585 quando
745 1511 839 1569 licebit

124 1590 178 1645 Per
193 1594 284 1645 totum
302 1607 411 1645 cessare
431 1590 518 1646 diem:
541 1609 597 1645 non
616 1591 716 1647 fenoris
735 1591 791 1644 ulls
944 1603 982 1644 iss
1065 1615 1067 1670 1

124 1667 234 1735 Mentio,
253 1683 303 1723 neo
321 1667 411 1736 prima
430 1667 532 1723 siluae
551 1683 660 1737 egressa
677 1666 780 1724 reverti

124 1743 149 1797 N
151 1747 212 1798 octe
230 1741 299 1798 solet
317 1743 402 1798 tacito
420 1743 504 1798 bilem
523 1743 576 1798 tibi
595 1743 741 1798 contrairet
758 1759 835 1812 uxor,

124 1819 246 1874 Humida
261 1819 396 1890 suspectis
412 1819 534 1875 referens
554 1820 678 1875 multicia
695 1820 771 1888 rogis

123 1896 300 1966 vexatasque
318 1913 410 1952 comas
428 1901 458 1952 et
478 1898 584 1952 vultum
605 1913 754 1966 auremque
772 1895 915 1952 calentem.

123 1971 251 2028 Protinus
270 1977 443 2028 autemeam
463 1973 599 2044 quidquid
618 1973 694 2028 dolet
715 1989 785 2028 exue
802 1971 899 2038 limem
943 1989 980 2030 ιω

122 2047 197 2104 Pone
214 2049 325 2104 domum
343 2052 372 2104 et
389 2065 482 2104 servos
500 2054 529 2105 et
548 2049 685 2120 quidquid
702 2050 838 2118 frangitur
853 2047 907 2103 illis
934 2085 939 2094 ·

122 2127 183 2181 Aut
200 2126 287 2196 perit;
309 2127 431 2195 ingratos
451 2129 516 2181 onte
535 2127 626 2181 omnia
644 2143 715 2196 pone
734 2125 848 2182 sedales.

123 2202 234 2258 Interea
251 2203 449 2272 Megalesiacae
467 2203 624 2273 spectacula
645 2219 766 2274 mappae,

122 2277 238 2334 Idaeum
256 2279 394 2350 sollemne,
414 2280 514 2347 colimt,
533 2279 682 2349 similisque
701 2279 839 2349 triumpho

121 2353 413 2428 Praeda-caballorum
432 2355 548 2410 Praetor
565 2356 645 2411 sedet
661 2373 700 2422 ac,
718 2355 785 2409 mihi
802 2371 870 2426 pace
941 2371 978 2412 iss
1063 2425 1064 2430 1

121 2432 276 2490 Immensae
292 2432 448 2502 nimiaeque
468 2432 535 2487 licet
556 2433 579 2486 si
598 2432 690 2488 dicere
706 2431 802 2501 plebis,
872 2465 876 2476 ·
1063 2437 1064 2445 ’

100 2523 103 2530 ·
120 2508 216 2563 Totam
233 2507 315 2563 hodie
333 2508 449 2562 ftomam
467 2508 563 2562 (limus
580 2509 656 2578 capit
673 2512 702 2562 et
718 2507 812 2576 fragor
828 2523 925 2564 aurem

122 2585 245 2640 l'ercutlt
263 2587 392 2639 eventum
412 2584 507 2639 viridis
527 2601 582 2654 quo
600 2585 697 2654 colligo
715 2586 813 2655 panni:
1062 2559 1063 2648 l

121 2660 193 2715 Nam
212 2661 236 2715 si
254 2660 385 2715 deficeret
400 2664 534 2715 moestam
553 2661 753 2731 attonitamque
770 2660 880 2716 videres
1062 2653 1063 2676 ¹

120 2737 199 2792 Hanc
216 2735 422 2808 urbemvetus
440 2735 596 2792 Cannarum
613 2737 642 2790 in
660 2736 773 2806 pulvere
789 2738 869 2792 victis
938 2751 976 2794 aco
1061 2783 1062 2808 2

119 2813 290 2868 Consulibus.
325 2813 457 2882 Spectent
474 2812 599 2882 juvenes,
619 2829 687 2882 quos
705 2813 807 2868 clamor
824 2817 854 2869 et
871 2813 962 2870 audax
1061 2819 1062 2903 1

119 2889 240 2958 Sponsio,
258 2906 327 2958 quos
344 2890 434 2944 cultae
452 2889 534 2944 decet
550 2889 685 2944 assedisse
702 2889 823 2959 puellae:

118 2963 222 3018 Nostra
238 2963 317 3018 bibat
334 2979 448 3018 vernum
466 2967 610 3018 contracta
626 2965 745 3020 cuticula
762 2965 848 3022 solem
1058 2967 1061 3134 1

119 3038 293 3106 Effugiatque
310 3042 409 3106 tagum
446 3041 512 3093 Jam
529 3057 602 3094 nunc
617 3042 645 3094 in
663 3041 760 3095 balnea
776 3042 851 3096 solra

119 3113 223 3168 Fronte
240 3113 412 3180 uastandos,
432 3129 587 3183 quanquam
606 3115 692 3169 solida
709 3115 776 3171 hora
793 3119 913 3187 supersit
935 3133 972 3176 aa
1058 3149 1060 3232 1

121 3186 168 3242 Ad
182 3191 297 3244 sextam.
331 3187 436 3244 Facere
452 3189 504 3244 hoo
520 3205 575 3244 non
593 3193 680 3275 possis
695 3193 817 3264 quinque
834 3192 933 3250 diebus

983 3397 987 3404 -
1057 3245 1060 3410 l
