2134 3536
128 132 143 180 2
365 129 397 178 D.
416 129 521 178 JUNH
537 126 745 177 JUVENALIS

127 217 195 275 Tam
212 221 319 290 patiens
338 220 431 288 Urbis,
449 223 506 274 tam
523 220 637 286 ferrens,
655 222 688 273 ut
705 219 800 272 teneat
817 233 856 285 se,

129 297 264 352 Causidiei
282 315 352 352 nova
371 313 455 364 quum
474 297 566 350 veniat
583 295 680 348 lectica
698 293 838 348 Mathonis

128 373 214 428 Plena
229 373 289 442 ipso
298 393 305 440 ;
321 377 385 442 post
402 373 474 426 hune
491 371 583 440 magni
601 371 708 424 delator
725 370 812 436 amici,

127 449 166 504 ut
183 450 238 504 cito
255 453 384 519 rapturus
402 449 438 503 de
455 448 600 502 nobilitate
618 463 725 500 comesu

129 525 209 591 Quod
218 529 357 596 superest:
370 542 452 594 quem
464 525 557 579 Massa
568 524 655 591 timet,
668 541 749 592 quem
761 539 874 578 munere
886 523 987 593 palpet

128 601 216 657 (ierus
233 607 263 658 et
280 619 298 656 a
313 602 425 671 trepido
443 601 572 671 Thymele
591 603 734 654 summissa
752 601 866 666 Latino;
960 619 986 655 so

126 679 218 744 Quum
235 681 469 736 tesummoveant
487 679 534 748 qui
552 681 719 733 testamenta
735 677 878 734 merentur

79 761 80 764 ’
127 755 278 826 Noctibus,
288 756 317 810 in
333 755 439 810 caelum
458 772 525 824 quos
543 755 634 808 evehit
653 755 756 824 optima
774 756 874 810 summi

102 825 108 834 ’
126 833 155 887 N
156 850 209 887 unc
225 833 270 887 vie
286 849 437 903 processus,
455 831 563 886 vetulae
581 831 671 884 vesica
688 831 803 888 beatae?

127 909 271 964 Uneioiam
290 909 447 963 Proculeius
464 907 556 975 habet,
576 907 626 962 sed
644 908 715 962 Gillo
733 909 874 978 deuncem,
959 927 985 963 so

127 987 226 1043 Partes
244 988 359 1056 quisquo
377 1004 439 1042 suas
457 987 493 1042 ad
510 1005 666 1042 mensuram
683 989 800 1056 inguinis
817 991 905 1045 heres.
968 999 970 1006 '

127 1065 255 1134 Accipiat
273 1081 338 1118 sane
356 1063 510 1117 mercedem
528 1065 675 1132 sanguinis,
693 1066 779 1120 etsie

127 1139 235 1196 Palleat
251 1144 284 1195 ut
300 1139 382 1194 nudis
399 1141 501 1210 pressit
519 1141 566 1210 qui
585 1141 704 1195 calcibus
722 1159 847 1211 anguem,

127 1219 188 1273 Aut
206 1216 417 1286 Lugdunensem
435 1217 529 1271 rhetor
547 1217 672 1272 dicturus
690 1217 727 1272 ad
744 1235 827 1272 aram.

126 1294 202 1360 Quid
218 1294 335 1348 referam
354 1296 457 1361 quante
475 1293 574 1347 siceum
588 1293 670 1362 jecur
685 1295 783 1349 ardeat
798 1295 848 1362 ira,
957 1311 982 1350 45

127 1371 219 1436 Quum
235 1370 366 1440 populum
383 1370 511 1448 gregibus
529 1371 659 1426 comitum
676 1373 779 1441 premit
791 1373 836 1427 hio
850 1372 983 1441 spoliator

126 1447 229 1516 Popilli
246 1447 415 1517 prostantis?
452 1448 489 1500 Et
505 1447 550 1500 hic
567 1447 713 1504 damnatus
731 1449 804 1502 inani

124 1523 239 1578 dedicio
257 1523 335 1592 (quid
352 1523 425 1577 enim
442 1523 522 1578 salvis
540 1524 652 1578 infamia
669 1527 788 1578 nummis
796 1525 816 1589 t)

126 1599 214 1654 Exsul
231 1599 267 1654 ab
284 1602 379 1654 octava
397 1597 502 1654 Marius
519 1599 591 1654 bibit
609 1604 638 1654 ot
654 1601 756 1654 fruitur
773 1601 817 1654 dis
897 1645 901 1654 .

126 1675 227 1744 Iratis3
245 1679 275 1730 st
292 1679 332 1744 tu,
348 1675 448 1730 victrix
465 1676 610 1745 provincia,
628 1677 727 1745 ploras.
956 1695 981 1732 so

127 1751 206 1808 Haec
223 1769 275 1822 ego
292 1769 347 1807 non
364 1753 473 1807 credam
491 1753 634 1807 Venusina
648 1753 731 1821 digna
748 1753 876 1808 lucerna?

127 1829 205 1884 Haec
222 1846 344 1901 egenen
361 1830 481 1898 agitem?
517 1828 574 1884 Sed
590 1829 652 1898 quis
670 1830 757 1898 magis
776 1829 925 1886 Heracleas

127 1907 188 1961 Aut
206 1906 372 1960 Diomedeas
390 1910 438 1961 aut
456 1905 592 1974 mugitum
610 1905 770 1975 Labyrinthi

127 1983 165 2037 Et
182 1999 257 2038 mare
274 1999 434 2052 percussum
452 1998 536 2051 puero
553 1981 718 2050 fabrumque
736 1983 881 2051 volantem,

128 2059 218 2125 Quum
236 2059 298 2114 leno
316 2059 433 2128 accipiat
450 2057 555 2112 moechi
574 2058 653 2127 bona,
673 2060 707 2127 (si
723 2061 848 2130 capiendi
955 2077 979 2113 s·

124 2135 182 2191 Jus
198 2135 303 2189 nullum
321 2135 419 2203 uxori)
436 2135 533 2188 doctius
550 2138 677 2204 spectare
695 2136 814 2205 lacunar,

128 2212 233 2267 Doctus
253 2216 283 2267 et
301 2211 338 2266 ad
356 2213 467 2266 calicem
485 2211 609 2280 vigilanti
626 2215 744 2268 stertere
761 2215 845 2268 nasot

129 2290 219 2355 Quum
235 2289 276 2342 fes
297 2304 358 2343 esse
377 2292 458 2358 putet
478 2305 571 2343 curam
592 2293 717 2359 spectare
734 2289 853 2344 cohortis

126 2365 182 2431 Qui
199 2364 271 2419 bona
288 2364 402 2419 donavit
419 2366 604 2434 praesepibus,
623 2369 652 2418 et
671 2369 747 2420 earet
764 2365 838 2417 omni

128 2440 266 2510 Majorum
282 2457 366 2496 censu
385 2441 451 2495 dum
469 2442 593 2510 pervolat
612 2458 663 2494 axe
680 2441 765 2494 citato
955 2457 978 2494 oo
1049 2485 1050 2490 ,

129 2517 291 2572 Flaminiam
308 2519 393 2586 pueri
429 2517 605 2572 Automedon
622 2533 686 2570 nem
705 2517 763 2569 lora
781 2515 895 2570 tenebat

130 2594 194 2663 Ipse
209 2595 363 2649 lacernatae
382 2612 467 2664 quum
485 2611 515 2648 se
532 2593 654 2662 jactaret
677 2593 809 2658 amicae,

129 2670 226 2725 Nonne
242 2669 312 2725 libet
329 2671 421 2725 medio
437 2687 515 2726 ceras
532 2670 646 2739 implere
663 2684 778 2738 capuces

130 2745 285 2815 Quadrivio,
304 2763 389 2815 quum
402 2747 462 2816 jam
480 2751 561 2802 sexte
579 2746 683 2800 cervice
700 2747 813 2811 feratur,

130 2821 203 2876 Hinc
220 2825 304 2891 atque
321 2823 387 2878 indo
404 2827 501 2892 patens
518 2840 550 2877 sc
567 2822 642 2876 nuda
658 2839 746 2892 paene
765 2818 897 2876 cathedra
953 2835 976 2874 os

130 2898 168 2953 ut
183 2899 301 2952 multum
318 2895 441 2954 referens
459 2899 494 2952 de
512 2899 672 2954 Maecenate
690 2899 794 2969 supino,

127 2973 256 3042 signator
272 2973 349 3041 falso,
369 2975 416 3043 qui
435 2991 465 3030 se
483 2975 588 3028 lautum
607 2978 691 3042 atque
708 2975 819 3030 beatum

130 3051 245 3118 Exiguis
261 3051 364 3106 tabulis
382 3054 412 3106 et
429 3065 537 3120 gemme
554 3050 658 3105 fecerat
675 3051 748 3107 udat

131 3126 256 3180 Occurrit
271 3131 399 3182 matrone
416 3132 522 3197 potens,
540 3141 611 3196 quae
628 3128 710 3182 molle
728 3129 873 3186 Odennm.

132 3201 295 3260 Porreotum
311 3204 370 3276 viro
387 3205 483 3260 miscet
498 3203 612 3260 sitiente
627 3203 760 3276 rubetam,
953 3219 976 3261 ro
