2164 3536
128 115 158 163 ss
362 111 394 160 n.
412 109 520 160 ouum
536 97 754 160 Jovnunnrs'

126 203 246 271 Appula,
264 207 308 258 tot
324 201 421 256 milvos
438 201 514 255 intra
530 203 580 254 tua
597 217 698 270 passim
715 202 817 258 lassosi
961 219 986 260 ts

128 280 166 334 'le
184 279 329 334 Trifolinus
346 295 413 347 ager
429 277 554 332 fecundis
571 277 672 332 vitibus
690 279 787 348 implet

128 355 345 424 Suspectumque
359 354 458 423 jugum
477 353 569 408 Gumis
587 359 617 408 et
635 355 742 409 Gaurus
759 355 854 412 inanis

128 431 201 488 Nam
218 431 279 502 quis
296 431 376 501 plura
393 431 455 486 linit
471 431 577 485 victuro
595 431 669 486 dolia
686 434 794 488 mustei

129 509 267 576 Quantum
286 512 347 563 erat
364 508 491 564 exhausti
508 507 615 562 lumbos
633 508 736 564 donare
751 507 860 565 clientis

127 585 278 655 iugeribus
294 585 406 655 pauoisi
425 585 557 638 meliusne
574 584 618 639 hie
635 585 754 640 rusticus
771 586 869 653 infans,
960 601 984 641 m

129 661 197 718 (lum
215 664 305 716 matre
323 663 353 716 et
370 661 469 716 costulis
487 666 516 721 ot
534 661 667 734 collusore
685 662 791 730 catello,

129 739 260 809 Cymbala
277 738 412 810 pulsantis
429 739 552 808 legatum
570 737 620 792 fiet
638 738 737 794 amieil

129 816 296 886 “Improbua
314 831 344 870 es
362 831 446 884 quum
463 814 576 885 posoisss’
594 814 640 870 ait.
676 814 731 868 Sed
747 815 841 884 pensio
861 815 972 885 elamat,

131 892 232 959 Posoe;
257 890 307 947 ssd
326 891 448 963 appellat
466 907 537 960 puer
553 889 659 960 uniens,
677 894 710 945 ut
729 890 888 962 Polyphemi

127 969 203 1024 ¹Irata
220 970 300 1037 acies,
319 985 371 1038 por
388 985 471 1038 quam
489 967 587 1022 sollers
605 967 693 1023 evasit
711 968 819 1024 Ulixes.
960 984 984 1022 as

129 1045 212 1100 Alter
228 1043 361 1100 emendus
379 1045 448 1111 erit3
471 1061 590 1115 namque
607 1044 653 1098 hio
670 1061 725 1098 non
743 1044 857 1099 suffieit:
880 1044 964 1099 ambo

129 1121 272 1176 Paseendi.
307 1120 381 1186 Quid
398 1137 477 1190 agam
495 1121 593 1176 bruma
610 1121 748 1192 spirante?
774 1120 849 1190 quid,
867 1138 922 1187 oro,

130 1198 203 1264 Quid
218 1197 309 1252 dieam
327 1198 444 1268 scapulis
462 1213 610 1268 puerorum
630 1197 767 1267 Aquilone
785 1198 931 1253 Deeembri

129 1275 167 1332 Et
183 1275 318 1347 pedibus?
337 1275 436 1331 durate
454 1279 539 1345 atque
557 1279 718 1347 exspeetate
733 1275 860 1330 aioadasi

128 1352 240 1422 Vennn,
257 1355 291 1407 ut
308 1351 471 1420 dissimules,
490 1356 524 1406 ut
540 1353 637 1407 mittas
654 1355 753 1419 cetera,
772 1356 875 1422 quanto
962 1367 986 1408 m

129 1429 237 1485 Metiris
253 1429 344 1500 pretio
362 1429 437 1500 quod
454 1429 483 1482 ni
500 1429 553 1484 tibi
572 1429 684 1484 deditus
702 1445 790 1482 essem

129 1507 307 1576 Devotusque
323 1507 414 1574 eliens,
432 1521 502 1560 uxor
519 1509 569 1560 tua
586 1505 662 1574 virgo
680 1507 821 1560 maneretl

130 1582 189 1637 Seis
206 1587 282 1638 corte
298 1582 398 1652 quibus
415 1582 471 1637 ista
487 1582 584 1650 modis,
603 1599 686 1651 quam
705 1597 787 1652 saepe
804 1581 919 1650 rogaris,

129 1659 167 1714 Et
183 1677 253 1729 quae
270 1659 414 1728 pollicitus.
452 1659 617 1728 Fugientem
635 1675 717 1728 saepe
735 1658 855 1728 puellam

130 1736 270 1806 Amplexu
287 1736 379 1806 rapui:
403 1737 512 1791 tabulas
530 1751 639 1806 quoque
656 1739 776 1803 ruperat,
795 1733 899 1803 etjam
963 1749 987 1792 is

130 1811 267 1881 Signabat.
305 1813 375 1866 'lota
391 1813 437 1867 vix
455 1813 507 1868 hoe
524 1829 577 1882 ego
594 1815 675 1866 noete
693 1810 806 1878 redemi,

130 1888 169 1942 Te
186 1889 311 1958 plorante
328 1889 402 1944 foris.
438 1889 528 1944 Testis
546 1889 614 1944 mihi
631 1887 748 1943 lectulus
766 1891 796 1945 et
813 1890 853 1954 tu,

131 1965 179 2020 Ad
197 1982 279 2033 quem
296 1967 422 2037 pervenit
439 1966 505 2020 lecti
522 1983 603 2021 sonus
621 1969 652 2020 at
671 1964 797 2020 domimo
815 1981 877 2019 vox.

131 2041 266 2098 Instabile
284 2059 316 2097 ae
335 2041 427 2096 dirimi
445 2045 573 2111 coeptum
593 2040 696 2110 etjam
713 2059 800 2111 paene
819 2041 941 2096 solutum

129 2117 295 2188 eonjugium
311 2119 341 2173 in
357 2119 452 2173 multis
470 2117 597 2173 domibus
616 2117 738 2173 servabit
755 2119 873 2173 adulter.
963 2134 989 2171 so

131 2194 191 2259 Quo
204 2199 235 2250 te
251 2195 434 2264 ebrumagasi
458 2213 529 2265 quaa
547 2197 636 2267 prima
654 2199 704 2249 aut
721 2196 818 2251 ultima
835 2198 939 2266 ponas?

131 2271 243 2326 Nullum
261 2289 326 2342 ergo
343 2273 473 2328 meritum
491 2277 542 2342 est,
559 2273 668 2342 ingrate
685 2289 718 2327 ae
735 2273 850 2342 perfide,
861 2271 976 2337 nullum,

132 2348 212 2414 Quod
228 2349 281 2404 tibi
297 2349 402 2403 liliolus-
413 2351 457 2404 vel
474 2350 530 2404 filia
547 2349 668 2403 nascitur
685 2367 720 2404 ex
738 2352 799 2408 mai

131 2424 213 2478 'loliis
230 2425 303 2480 enim
321 2428 351 2482 et
367 2421 445 2480 libris
463 2429 586 2480 aetorum
604 2443 732 2496 spargere
748 2427 853 2494 gaudes

132 2504 305 2570 Argumenta
320 2501 380 2556 viri.
416 2501 533 2556 Foribus
552 2502 689 2572 suspende
708 2519 829 2572 coronas,
963 2520 988 2558 ss

130 2578 151 2632 J
152 2594 197 2632 am
214 2583 295 2647 pater
312 2595 356 2634 es:
375 2579 501 2634 dedimus
519 2579 594 2649 quod
611 2580 701 2636 famae
719 2595 856 2650 opponere
873 2579 977 2649 possis;
1069 2605 1070 2608 ¹

132 2655 203 2709 Jura
219 2658 343 2726 parentis
360 2657 452 2726 habes,
467 2661 583 2728 propter
599 2675 644 2713 me
662 2657 790 2714 scriberis
807 2657 894 2725 heres,

132 2731 266 2800 Legatum
282 2751 364 2788 omne
382 2736 463 2804 capis,
482 2751 533 2790 nee
549 2753 604 2790 non
623 2739 653 2791 et
671 2735 750 2790 dulae
767 2737 909 2792 oadueum.

132 2807 282 2864 Commoda
299 2815 444 2880 praeterea
457 2812 611 2882 Juugentur
628 2813 717 2869 multa
734 2815 844 2869 oadueis

131 2885 162 2940 si
178 2902 329 2955 numerum,
347 2888 370 2942 si
387 2893 445 2943 tres
463 2889 735 2960 implevero-Justa
752 2891 859 2960 doloris,
962 2905 988 2945 ao
1014 2893 1018 2902 '

118 2961 262 3030 'Naevola
281 2979 364 3018 eausa
381 2965 430 3020 tui.
471 2965 574 3020 Contra
592 2971 685 3020 tamen
703 2967 750 3021 ille
768 2966 836 3036 quid
853 2965 988 3021 offerti-

133 3035 160 3090 N
161 3037 257 3105 egligit
273 3042 358 3108 atque
375 3039 458 3094 alium
475 3040 603 3110 bipedem
622 3042 673 3095 sibi
691 3046 800 3112 quaerit
817 3041 939 3097 asellum

134 3113 212 3166 Haeo
230 3113 279 3166 soli
296 3115 439 3170 commissa
455 3117 508 3170 tibi
525 3117 614 3172 celare
632 3123 776 3186 memento,

134 3188 172 3243 “t
188 3188 289 3244 tacitus
306 3195 415 3246 nostras
431 3191 505 3248 intra
521 3196 552 3248 te
569 3193 623 3266 lige
641 3195 782 3264 querelam
