2164 3536
114 97 145 149 66
350 97 383 148 D.
401 98 419 147 J
422 97 509 148 UNII
524 98 738 150 JUVENALIS

112 186 244 245 Nomina:
267 201 318 260 pro
335 188 403 244 totis
421 188 579 257 legionibus
593 189 621 242 hi
642 192 735 244 tamen
753 191 784 246 et
800 207 852 261 pro
932 203 969 250 2⁵5

113 263 247 320 Omnibus
264 265 372 319 auxiliis
390 267 474 334 atque
492 265 565 319 omni
582 265 655 334 pube
673 265 772 322 Latina

112 340 257 401 Sufficiunt
274 341 317 395 dis
334 341 447 396 infernis
466 340 622 411 Terraeque
638 343 759 412 parenti;

112 417 203 473 Pluris
220 418 293 473 enim
311 417 389 473 Decii
407 435 489 488 quam
507 433 577 486 quae
594 423 737 474 servantur
754 421 867 478 abillis

112 494 221 549 Ancilla
237 497 320 550 natus
336 494 461 550 trabeam
478 498 508 550 et
526 494 652 550 diadema
670 495 775 561 Quirini

111 569 150 626 lit
165 570 254 626 fasces
271 571 380 639 meruit,
400 588 497 640 regum
514 570 628 626 ultimus
644 573 691 628 ille
709 573 850 641 bonorum,
930 589 967 630 aaa

76 681 81 692 ·
112 646 226 703 Prodita
244 647 374 703 laxabant
393 653 537 719 portarum
558 648 678 704 claustra
696 652 817 721 tyrannis

111 723 258 778 Exsulibus
273 724 390 794 juvenes
411 725 499 794 ipsius
519 724 645 780 (ionsulis
663 730 694 781 et
712 744 781 797 qnos

111 800 243 870 Magnum
261 801 365 871 aliquid
384 801 470 856 dubia
489 819 540 872 pro
556 801 687 857 libertate
705 803 824 873 deceret,

47 883 50 892 ’
111 875 192 942 Quod
210 878 357 932 miraretur
375 895 437 932 cum
458 879 563 934 (loclite
582 878 691 934 Mucius
709 882 739 935 et
756 895 828 950 quae

111 953 225 1024 Imperii
243 955 313 1009 fines
332 954 489 1009 'tiberinum
507 955 967 1024 ergombertum

111 1029 226 1087 Occulta
244 1031 282 1086 ad
302 1031 401 1086 Patres
419 1032 551 1101 produxit
570 1033 685 1087 crimina
703 1047 805 1102 servos,

110 1105 245 1162 Matronis
261 1107 410 1177 lugendus:
433 1111 464 1162 et
480 1108 542 1162 illos
559 1107 675 1163 verbera
688 1107 774 1177 jussis

110 1183 243 1239 Adiciunt
261 1184 357 1254 poenis
376 1188 405 1239 et
422 1185 513 1254 legum
532 1185 622 1254 prima
639 1185 748 1238 aecimis¹
1065 1247 1066 1254 ,

144 1261 219 1316 Malo
237 1265 317 1332 pater
333 1261 386 1316 tibi
405 1263 442 1316 sit
462 1261 609 1330 Thersites,
630 1261 778 1316 dummodo
795 1263 829 1316 tn
846 1260 886 1316 sis
980 1301 985 1314 .

111 1337 249 1393 Aeacidae
267 1338 361 1393 similis
383 1338 570 1407 Vulcaniaque
588 1355 665 1392 arma
683 1353 814 1407 capessas,
930 1351 968 1393 2⁷0
1065 1389 1066 1416 ,

110 1411 199 1478 Quam
216 1417 246 1469 te
266 1414 407 1470 Thersitae
427 1414 542 1468 similem
562 1415 698 1486 producat
716 1412 846 1468 Achilles.

110 1489 147 1544 nt
167 1492 268 1560 tumen,
286 1493 319 1546 ut
336 1491 417 1560 longe
436 1495 546 1561 repetas
565 1492 699 1560 longeque
717 1489 840 1546 revolvas

110 1565 224 1636 Nomen,
240 1567 277 1621 ab
295 1567 388 1620 infami
406 1572 517 1636 gentem
535 1567 649 1622 deducis
666 1566 748 1636 asylo.

110 1642 246 1712 Malorum
263 1643 368 1712 primus
386 1644 508 1713 quisquis
524 1643 578 1698 fuit
594 1645 641 1700 ille
659 1647 776 1709 tuorum,

110 1720 170 1776 Aut
188 1721 283 1790 pastor
300 1719 354 1776 fuit
373 1723 422 1776 aut
440 1720 509 1776 illud
527 1721 600 1790 quod
619 1721 711 1777 dicere
730 1720 800 1777 nolo.
830 1771 833 1780 .
929 1735 968 1778 ars

429 2053 572 2114 sisinn
591 2057 643 2114 IX.

109 2177 194 2232 Setun
210 2174 292 2232 velim
309 2189 396 2246 quare
413 2175 497 2231 toties
514 2175 589 2245 mihi,
607 2176 633 2230 N
635 2176 735 2246 aevolc,
753 2175 843 2238 tristis

108 2253 242 2308 Occurras
259 2252 350 2308 fronte
369 2251 496 2320 obducta,
519 2268 570 2306 ceu
590 2253 698 2322 Marsya
716 2253 812 2309 victus.

108 2328 182 2394 Quid
199 2327 251 2382 tibi
271 2344 333 2382 cum
351 2328 431 2383 vultu
449 2327 558 2398 qualem
577 2328 730 2398 deprensus
750 2329 871 2386 babebat

107 2404 218 2472 Rauola,
237 2403 303 2458 dum
324 2404 472 2474 Rhodopes
490 2403 546 2458 uda
564 2405 632 2460 terit
650 2405 763 2474 inguina
778 2406 881 2462 bmbal

106 2481 133 2535 N
135 2498 165 2536 os
183 2480 326 2550 colaphum
343 2483 490 2537 incutimus
508 2481 641 2536 lambenti
658 2483 779 2538 cnmtula
796 2499 884 2541 servo.
951 2501 966 2541 s

106 2559 133 2612 N
134 2575 169 2613 ou
187 2560 248 2612 erat
264 2556 317 2613 hac
333 2559 403 2614 facie
421 2558 601 2613 miserabilior
619 2559 783 2634 Crepereius

106 2634 201 2704 Pollio,
219 2634 267 2704 qui
284 2635 420 2706 triplicem
437 2653 548 2690 usuram
565 2639 709 2706 praestare
726 2639 840 2707 paratus

106 2711 212 2767 Circuit
227 2713 258 2766 et
274 2711 367 2767 fatuos
383 2728 438 2766 non
455 2712 565 2768 invenit
602 2713 686 2767 Unde
706 2717 822 2782 repente
880 2733 883 2740 ¹

105 2788 159 2843 Tot
174 2789 277 2858 rugael
303 2791 378 2844 certe
395 2788 503 2845 modico
519 2793 664 2846 contentus
682 2789 783 2858 agebas

105 2865 229 2920 Vernam
246 2866 373 2936 equitem,
392 2866 505 2920 conviva
517 2867 581 2936 joco
599 2867 743 2922 mordente
763 2867 869 2923 heatus
938 2885 964 2925 ιο

106 2941 144 2996 llt
160 2941 263 2996 salibus
279 2942 426 2998 vehemens
443 2944 517 2998 intra
533 2944 657 3014 pomeria
672 2944 754 2998 natis

107 3016 293 3074 Omnianunc
309 3020 420 3083 contra;
443 3018 534 3072 vultus
551 3019 648 3086 gravis,
667 3019 779 3072 horrida
796 3019 885 3075 siccae

108 3091 182 3146 Silva
198 3108 299 3160 comae,
316 3091 406 3146 nullus
423 3095 485 3146 tota
501 3095 573 3148 nitor
589 3094 618 3147 in
636 3097 707 3162 cute,
725 3093 833 3163 qualem

108 3166 220 3224 eructu
235 3165 396 3238 praestabat
412 3167 494 3223 emor
510 3167 562 3232 tibi
578 3169 662 3224 asca
677 3169 762 3238 unq
