2134 3536
64 181 66 186 .
114 131 153 189 36*
349 133 382 186 D.
400 135 476 186 JUN
478 135 508 184 11
523 135 542 185 J
546 129 734 185 UVENALIS

113 215 232 282 Summa
243 219 344 294 tamen,
362 225 438 296 quod
450 224 511 295 jam
528 224 616 280 calida
633 227 741 278 matura
752 221 874 292 juventa
981 231 984 240 ’

114 301 232 372 Inguina
248 300 399 356 traduntur
415 300 536 370 medicis,
549 300 609 370 jum
627 299 736 372 pectine
752 299 838 368 nigro.
932 313 975 356 ere

113 379 189 448 llrgo
206 380 344 450 spectatos
360 393 394 432 aa
410 376 503 446 jussos
520 393 644 432 erescere
661 375 779 446 primum

113 453 272 520 'l'eetionlos
290 455 437 524 postquam
453 455 605 522 coeperunt
621 467 681 506 esse
698 449 811 507 bilibres

113 529 241 586 {tonsoris
258 527 359 584 damno
376 531 485 584 tantum
502 529 577 598 rapit
596 527 768 583 Heliodorum
809 561 811 568 ,

113 604 283 674 Conspicuus
299 605 381 674 longe
398 605 558 674 cunctisque
574 604 704 660 notabilis
720 604 808 660 intret

113 681 226 752 Balnea,
242 697 293 737 neo
310 681 395 737 dubie
412 681 556 738 custodem
572 681 637 737 ritis
654 684 685 737 et
701 680 775 736 horti
932 693 974 737 ers

113 757 256 826 Provocat,
273 775 291 814 a
307 758 418 814 domina
434 758 525 813 iaotns
541 757 636 828 spado.
672 756 798 811 Dormiat
815 754 862 812 ille

114 835 184 890 Oum
202 834 326 891 domina:
347 834 397 890 red
413 838 446 892 tu
461 835 521 904 jem
539 834 646 902 durum,
665 833 803 899 Postume,
816 831 936 904 jamque

113 910 294 966 Tondendum
312 910 435 966 eunucho
453 910 595 965 Bromium
612 908 785 964 oommittere
800 907 865 968 noli.
978 913 981 915 ’

149 987 178 1043 Si
195 986 299 1056 gaudet
316 989 407 1056 cantu,
423 986 524 1042 nullius
536 985 626 1041 ‘fibula
643 985 727 1040 durat
1061 1043 1062 1062 3

112 1065 217 1138 Vocem
235 1062 380 1119 vendentis
398 1062 590 1130 Praetoribus;
610 1077 713 1132 organa
730 1077 840 1134 semper
931 1077 973 1120 ase
1061 1117 1062 1128 ,

113 1140 149 1198 In
165 1138 307 1206 mauibue;
328 1139 406 1194 densi
423 1138 533 1194 radiant
549 1137 689 1194 testudine
706 1141 767 1194 tota
1061 1181 1062 1188 r

112 1216 315 1286 Sardonyohes;
335 1215 425 1286 crispo
441 1218 620 1270 numerantur
636 1215 747 1284 pectine
764 1215 890 1285 chordae,
975 1219 979 1224 '

115 1295 175 1361 Quo
187 1296 266 1348 tener
278 1292 447 1362 Hedymeles
458 1307 571 1363 operam
582 1291 675 1346 dedit:
692 1291 766 1348 huno
777 1295 862 1362 tenet,
874 1292 927 1348 hoe
938 1309 971 1349 se

113 1369 225 1425 Solatur
242 1372 377 1440 gratoque
393 1367 522 1438 indulget
538 1367 615 1423 basia
631 1367 746 1438 pleetro.
909 1413 913 1418 .
978 1417 981 1422 .

113 1445 256 1510 Quaedam
273 1445 309 1500 de
326 1461 442 1500 numero
459 1445 616 1500 Lamiarum
633 1460 665 1498 ae
681 1442 798 1500 nominis
814 1441 866 1500 alti
893 1497 897 1505 ,
930 1457 981 1502 ass,

113 1523 183 1577 (lum
202 1521 275 1576 fnrre
292 1523 322 1577 et
339 1523 402 1576 vino
419 1522 522 1576 lanum
541 1521 712 1591 Vestamque
729 1521 849 1591 rogabat,
874 1527 876 1531 ’
1061 1531 1062 1564 1

113 1599 161 1652 An
179 1596 363 1667 Capitolinam
380 1597 498 1653 deberet
516 1596 603 1652 Pollio
621 1613 774 1666 quereum.
975 1601 979 1608 '
1061 1593 1062 1602 ’

112 1674 231 1744 Sperare
249 1677 279 1729 et
296 1673 398 1730 fidibus
415 1673 585 1744 promittere
622 1673 696 1738 Quid
712 1673 818 1730 iaceret
833 1673 897 1745 plus

112 1752 288 1818 Aegrotante
303 1750 380 1806 viret
400 1749 514 1804 modieis
532 1748 600 1820 quid
616 1748 745 1805 tristibus
762 1765 829 1820 erga
977 1791 981 1798 .

113 1825 258 1881 Filiolam?
293 1825 379 1882 Stetit
396 1829 462 1881 aute
478 1842 563 1894 aram,
580 1841 631 1880 neo
648 1827 730 1896 turpe
747 1825 857 1896 putarit
931 1842 969 1883 Μ

113 1903 169 1958 Pro
186 1901 291 1957 eithara
308 1903 401 1958 velare
418 1905 509 1973 eaput,
527 1901 688 1971 dictataque
705 1902 791 1958 verba

114 1978 234 2034 Pertulit
251 1983 284 2042 ut
300 1995 360 2034 mos
378 1985 428 2047 ost,
447 1983 478 2034 et
493 1983 592 2050 aperta
608 1977 707 2049 palluit
722 1995 801 2048 agna

113 2056 165 2111 Die
181 2055 249 2111 mihi
266 2073 339 2110 nuno
356 2073 465 2126 quaeso,
484 2055 537 2124 die,
555 2055 744 2126 antiquissime
762 2056 870 2124 Divum,

112 2133 276 2204 Respondes
292 2132 343 2202 his,
361 2133 434 2188 Jaue
451 2133 549 2204 poteri
583 2133 686 2202 Magna
705 2132 762 2188 otia
782 2133 861 2188 oaeli:

113 2209 177 2264 Non
195 2213 246 2280 ost,
263 2213 296 2265 ut
313 2209 401 2277 rideo,
421 2225 475 2263 non
493 2211 538 2264 est
554 2208 629 2279 quod
645 2212 745 2278 agatur
762 2209 837 2278 apud
853 2225 910 2266 ros
931 2225 968 2268 aa

112 2286 192 2342 Haec
210 2286 245 2342 de
263 2286 400 2342 comoedis
417 2289 448 2342 te
465 2285 598 2353 eonsulit3
615 2285 663 2340 illa
679 2285 844 2355 tragoedum

14 2361 17 2368 '
113 2363 313 2419 Commendare
330 2363 418 2420 volet:
436 2362 575 2418 varicosus
590 2361 641 2418 liet
657 2361 826 2432 haruspex.·
860 2381 887 2413 ,τ
975 2411 979 2416 .

147 2439 204 2494 Sed
220 2443 315 2496 cantet
331 2440 525 2510 potiusquam
541 2441 630 2494 totam
646 2439 771 2508 pervolet
788 2437 885 2498 urbem

113 2514 224 2584 Audax,
241 2521 271 2572 et
288 2519 383 2572 coetus
399 2516 487 2586 possit
503 2515 586 2586 quam
603 2515 676 2570 ferre
693 2515 813 2572 rimrum

112 2593 237 2660 Cumque
253 2592 391 2663 paludatis
409 2591 523 2647 ducibus
540 2594 686 2661 praesente
702 2592 800 2646 marito
930 2607 968 2650 soe

5 2687 6 2690 ¹
113 2669 181 2739 Ipsa
197 2668 272 2738 loqui
286 2671 366 2724 reeta
382 2668 453 2723 faeie
469 2667 630 2738 strictisque
646 2667 781 2723 mamillis.

114 2745 192 2800 Haeo
208 2745 306 2800 eadem
323 2745 400 2800 novit
417 2744 485 2814 quid
502 2747 563 2801 toto
580 2745 630 2800 fiat
647 2744 676 2798 in
693 2745 775 2812 orbe;

86 2844 89 2849 ·
113 2819 188 2890 Quid
207 2820 296 2891 Seres,
312 2821 379 2891 quid
394 2820 515 2878 Thrasea
530 2823 630 2888 agane
647 2823 754 2876 secreta
771 2836 903 2877 novercae

114 2898 152 2952 llt
168 2897 263 2966 pueri;
280 2897 341 2966 quia
358 2899 440 2964 amet,
458 2897 520 2966 quis
537 2895 684 2966 diripiatur
700 2896 815 2952 adulter.

114 2973 197 3028 Dioet
213 2972 275 3042 quis
291 2972 401 3027 uiduam
417 2976 616 3041 praegnantem
632 2972 730 3038 feeerit
746 2977 846 3043 etque
930 2989 980 3030 sse.

114 3048 226 3114 Mense;
242 3047 342 3116 quibus
358 3048 449 3102 verbis
466 3047 629 3104 oonoumbat
642 3065 775 3118 quaeque,
786 3047 876 3104 modis
892 3055 966 3118 quot

116 3125 272 3179 instantem
289 3123 349 3192 regi
367 3123 499 3178 Armenio
517 3123 676 3193 Parthoque
693 3129 818 3180 cometen
976 3143 979 3155 ·

116 3199 210 3267 Prima
225 3199 321 3268 ridet3
337 3197 437 3292 famam
454 3215 632 3270 rumoresque
648 3199 697 3255 ille
713 3204 836 3258 recentes
