2126 3532
125 127 173 176 116
391 126 423 174 A.
444 124 567 174 Pnasn
583 123 714 174 ennom

124 213 220 278 Disce3
243 211 294 268 ead
310 211 453 269 necent
468 228 535 268 naec
551 228 705 282 rugosoque
721 229 822 284 emna-
860 251 863 256 .
892 236 913 260 ,-

124 289 198 345 Dum
215 291 324 347 veteres
342 288 417 346 aviae
434 287 487 344 tibi
503 288 540 343 de
576 289 685 344 ulmone
702 291 814 346 revello.

30 429 32 434 ,
124 366 188 422 Non
207 364 345 428 Praetoria
362 367 424 422 erat
441 363 535 422 stultis
636 363 731 426 teriuie
747 383 842 422 rennn

124 441 227 510 Officia,
246 445 330 510 etque
347 457 427 499 uaum
444 440 558 510 rapidae
574 441 737 510 permittere
753 443 839 501 vitae.

123 518 286 574 Sembueem
303 517 386 574 eitius
403 517 491 576 caloni
508 518 646 588 aptaveris
664 519 737 577 alto:
964 529 989 568 9⁵

124 594 188 650 Stat
204 598 300 651 contra
316 593 397 662 ratio,
414 596 445 654 et
461 597 594 656 secretam
611 595 707 664 gannit
723 595 752 652 in
769 613 867 652 eurem

123 671 150 729 N
151 688 167 726 e
183 671 266 728 liceat
282 669 376 730 facere
391 669 421 727 id
439 670 514 739 quod
530 671 592 741 quie
609 671 719 726 vitiabit
734 672 850 741 agendo.

124 747 237 804 Publica
253 747 300 806 lea
316 745 457 806 hominum
474 750 629 816 naturaque
645 748 771 804 eontinet
787 747 838 804 boc
855 750 909 818 ms,

123 823 164 879 Ut
181 827 276 880 teneat
293 823 396 882 vetitos
412 823 523 880 inscitia
540 823 639 884 debilis
656 829 741 882 cotue.
857 889 860 894 ¹

122 901 212 957 Diluie
228 899 398 962 helleborum
415 903 492 960 certo
509 917 684 976 compescere
699 906 802 972 puncto
955 923 992 960 roo

122 977 238 1032 Nescius
256 993 382 1046 examen,
399 979 478 1034 vetet
493 977 546 1032 hoc
561 979 807 1036 naturamedendi
815 1001 823 1046 ;

123 1054 228 1108 Navem
245 1053 269 1110 ei
286 1057 383 1123 poseat
400 1053 453 1108 eibi
469 1057 618 1124 peronatus
634 1059 728 1113 arator

123 1129 243 1186 Luciferi
259 1129 346 1195 rudia,
365 1129 502 1186 exclamet
518 1129 663 1186 Melicerte
679 1133 782 1202 periano

122 1207 254 1266 Frontem
269 1207 307 1266 de
323 1205 414 1264 rebua
450 1207 512 1264 Tibi
528 1211 605 1264 reete
622 1209 715 1266 rivere
731 1210 788 1268 talo

122 1283 180 1347 Ars
196 1283 291 1342 dediti
314 1284 421 1340 otveri
438 1285 558 1354 speeiem
576 1285 736 1354 dignoscere
753 1287 842 1356 celles,
952 1305 991 1342 roc

121 1361 166 1416 Ne
182 1378 238 1432 qne
255 1361 403 1420 subaerato
420 1361 582 1419 mendomm
599 1361 700 1420 tinniat
720 1366 803 1420 aurel

122 1439 254 1507 Quaeque
270 1437 413 1507 coquenda
428 1437 522 1495 forent
538 1453 665 1507 quaeque
682 1439 812 1496 curanda
828 1440 966 1510 vicissim,

122 1513 175 1568 Illa
192 1514 267 1584 priua
284 1517 364 1572 crete
380 1530 445 1572 mox
462 1513 530 1571 hece
547 1513 664 1570 carbone
684 1516 803 1572 notmtil

121 1591 159 1644 Es
175 1589 299 1646 modicus
315 1591 381 1661 voti,
397 1606 493 1660 preeeo
511 1590 590 1658 Lare,
608 1590 695 1649 dulei
712 1593 823 1650 amiciet

120 1669 186 1722 lam
203 1683 276 1723 neno
293 1669 438 1738 aeti-ingre,
452 1667 513 1736 jam
529 1682 601 1722 nunc
617 1669 744 1736 merie
759 1669 853 1728 lnxeet
948 1690 988 1728 uo

121 1744 211 1814 Inque
228 1743 287 1799 luto
304 1744 391 1802 fixum
407 1743 496 1816 poecis
512 1742 709 1801 transcendero
726 1761 875 1812 nummum,

121 1822 147 1876 N
149 1838 180 1877 eo
198 1820 275 1890 gluto
293 1821 406 1878 sorbere
422 1820 536 1879 culinam
552 1820 764 1880 Mercurialem?

121 1897 221 1954 “Haec
238 1913 302 1954 mea
319 1901 391 1966 eunt,
407 1897 512 1966 teneo,”
529 1913 593 1956 eum
610 1912 675 1954 vere
692 1897 802 1966 dixeris,
818 1906 880 1960 esto

120 1973 258 2043 Liberque
276 1990 309 2029 ee
326 1974 435 2044 capiens
453 1973 633 2031 Praetoribus
650 1976 681 2032 et
697 1974 769 2032 Jove
786 1975 895 2034 dextro.

120 2050 168 2106 sm
186 2055 226 2120 tn,
243 2063 306 2106 cum
321 2050 407 2107 fuerin
423 2054 535 2108 nosteee
552 2051 635 2120 paulo
652 2055 718 2108 ente
735 2051 846 2121 sannae,
945 2071 986 2110 115

121 2126 281 2186 Pellioulnm
298 2130 422 2184 veterem
438 2126 551 2197 retines,
568 2131 599 2184 et
615 2127 708 2184 fronte
723 2127 825 2198 politus

121 2207 253 2260 Aetatem
269 2204 370 2275 vapido
387 2219 481 2260 rervm
496 2205 549 2262 aab
566 2207 678 2274 pectore
695 2204 813 2274 vulpem,

122 2281 198 2345 Quae
215 2279 347 2336 doceam
364 2296 449 2350 cupra
465 2283 570 2350 repeto,
587 2281 738 2351 funemque
757 2280 874 2346 redirem

122 2357 168 2411 Nil
184 2357 236 2412 tibi
253 2357 388 2413 conoeeait
405 2357 491 2424 rati03
514 2357 634 2426 digitum
651 2375 756 2426 exsere,
775 2373 885 2428 pecces:

121 2433 158 2488 lit
175 2433 244 2503 quid
262 2436 321 2490 inm
339 2435 473 2504 parueml
508 2433 565 2490 neu
581 2433 657 2491 nullo
675 2437 739 2492 ture
756 2434 856 2501 limbis,
942 2453 984 2492 120

122 2510 246 2565 Haereat
262 2509 291 2564 in
309 2510 403 2566 acutia
421 2509 514 2568 breuia
532 2514 566 2568 ut
583 2512 723 2568 eemrmeie
740 2511 817 2570 recti.
889 2533 892 2540 ⁴

122 2586 200 2640 Haec
217 2584 333 2642 miscere
351 2587 443 2654 nefee3
465 2603 525 2656 nec,
544 2603 607 2644 cum
625 2587 663 2642 eie
681 2591 774 2646 cetera
793 2588 887 2657 femor,

121 2663 189 2717 'Prae
206 2664 316 2720 uncum
334 2663 373 2718 ad
390 2679 519 2720 numeros
536 2669 658 2734 satyrum
679 2679 806 2722 movenro
825 2663 960 2734 Bathylli,

122 2739 206 2793 Liber
217 2741 282 2807 agol
318 2739 402 2796 Unde
413 2740 510 2798 datum
521 2741 573 2798 boe
584 2742 675 2810 remla,
687 2744 731 2797 tot
742 2740 854 2798 subdite
864 2739 968 2797 tubuel

121 2817 168 2872 An
187 2814 328 2871 dominum
346 2817 464 2888 ignoras,
483 2818 537 2874 niei
555 2833 637 2887 quem
655 2817 779 2874 vindicta
796 2817 921 2874 mlexotl
940 2831 979 2872 rer

122 2892 158 2960 ‘I,
175 2907 251 2959 puer,
271 2895 301 2946 et
319 2893 439 2962 strigiler
458 2895 576 2963 Orieprirn
595 2894 633 2950 erl
650 2894 750 2950 balnea
768 2893 859 2958 delen

120 2965 162 3033 (Si
179 2966 332 3035 increpuit)
350 2985 440 3024 remae
458 2970 605 3040 migntorl'
629 2970 769 3026 servitium
787 2984 851 3026 earo

121 3043 159 3096 Te
178 3039 245 3094 nihil
264 3042 389 3112 impellit,
408 3061 460 3100 nec
479 3046 625 3116 quicquum
643 3045 816 3101 extrincecus
833 3045 927 3107 inimi.

127 3116 140 3122 “
184 3117 316 3173 lneruoe
334 3119 435 3185 agitet:
459 3121 510 3178 aed
530 3121 554 3177 ei
571 3122 646 3178 intne
666 3123 696 3178 et
713 3119 853 3187 iniecere
871 3133 954 3187 aegro

200 3191 280 3244 *mtur
298 3189 410 3262 domni,
429 3195 478 3263 qui
496 3197 529 3255 tn
545 3194 714 3265 impunitior.
726 3194 787 3256 eris
832 3253 835 3258 ,
929 3209 977 3255 ,ree
