2164 3536
127 109 158 164 ἷ6
360 104 393 155 D.
410 104 429 154 J
432 104 518 164 UNII
534 102 745 154 JUVENALIS

125 192 224 262 Coepit
242 207 305 246 cum
325 190 422 258 ventis,
435 189 559 244 imitatus
579 193 694 258 castora,
715 189 763 258 qui
782 205 813 246 se
851 209 854 216 ·

125 269 287 334 Eunuchum
305 267 365 336 ipse
383 266 451 321 facit
471 261 583 334 cupiens
601 265 719 322 evadere
740 264 841 320 dacum
873 331 877 341 ¹
965 282 990 322 at

124 344 268 400 'resticulh
293 343 363 398 adeo
384 342 554 397 medicatum
575 342 705 410 intelligit
723 343 834 410 inguen.

19 413 22 418 ’
125 421 267 477 “Fundite
288 436 359 491 quae
377 436 440 474 mea
456 419 544 487 sunt‚’'
557 418 675 486 dicebat,
693 417 833 486 “cuncta”
848 418 989 477 eatenus

126 498 313 569 Praecipitare
332 496 425 552 rolens
444 497 527 551 etiam
547 496 719 566 pulcerrima,
738 498 844 548 vestem

125 575 296 646 Purpuream
316 574 420 630 teneris
434 590 548 651 ¹quoque
568 571 773 628 Maecenatibus
791 575 896 640 aptam,

127 654 222 722 Atque
241 652 308 706 alias
328 667 444 720 quarum
463 650 588 718 generosi
606 647 736 718 murinis
753 647 845 716 ipsum
964 661 989 701 so

127 728 226 783 Infecit
244 733 344 798 natura
362 743 454 797 pecus,
471 727 521 782 sed
541 730 571 782 et
590 725 715 795 egregius
727 722 788 776 fons
1060 755 1064 798 l

126 803 238 859 Viribus
257 803 369 858 occultis
390 807 419 858 et
439 803 569 858 Baeticus
590 801 703 870 adjuvat
723 814 777 852 aer.

126 879 179 934 Ille
197 897 247 935 nec
259 882 410 948 >mperatum
432 878 579 934 dubitabat
599 877 718 944 nrittere,
738 873 829 930 lances

126 955 274 1011 Parthenio
294 956 389 1023 iactas,
407 971 494 1010 urnae
513 957 621 1008 cratera
642 968 770 1022 capacem

124 1031 163 1090 Et
182 1031 294 1102 dignum
312 1032 425 1088 sitiente
445 1030 531 1086 Pholo
549 1030 593 1086 vel
611 1029 728 1099 conjuge
748 1027 846 1094 Fusci;
962 1045 986 1083 ss

126 1107 210 1162 Adde
228 1113 258 1163 et
276 1107 427 1164 bascaudas
448 1111 479 1162 et
496 1107 571 1162 mille
590 1106 697 1175 ascalia,
717 1105 834 1160 multum

126 1183 232 1238 Caelati
253 1183 362 1240 biberat
381 1201 436 1254 quo
455 1183 568 1239 callidus
587 1187 676 1236 emtor
696 1180 815 1252 Olynthi

125 1259 182 1318 Sed
202 1261 263 1330 quis
282 1277 354 1314 nunc
374 1261 444 1316 alius
464 1277 519 1330 qua
536 1258 633 1312 mundi
653 1261 742 1328 parte,
754 1258 815 1328 quis
836 1257 925 1314 audet

126 1339 251 1403 Argento
270 1337 412 1406 praeferre
432 1339 515 1406 caput
535 1334 675 1404 rebusque
696 1333 829 1388 salutem?

125 1411 188 1468 Non
207 1418 322 1484 propter
340 1413 424 1468 vitam
445 1413 546 1468 iaciunt
564 1410 731 1484 patrimonia
741 1409 869 1480 quidam,
961 1424 985 1464 co

125 1487 182 1542 Sed
199 1488 266 1543 vitio
287 1489 361 1557 caeci
379 1492 493 1558 propter
513 1489 679 1558 patrimonia
696 1487 800 1542 vivunt.

125 1563 256 1619 lactatur
274 1581 367 1620 rerum
387 1565 496 1620 utilium
514 1581 579 1635 pars
599 1565 734 1630 maxima3
757 1562 806 1618 sed
824 1576 876 1616 nec

126 1640 234 1696 Damna
254 1641 354 1704 levant.
389 1641 466 1696 Tunc
486 1641 609 1696 adversis
627 1639 789 1709 urgentibus
809 1637 873 1694 illuc

126 1716 239 1773 Decidit
259 1722 292 1773 ut
310 1718 412 1774 malum
432 1717 505 1772 ferro
525 1717 725 1784 summitteret;
748 1715 800 1770 hac
819 1732 849 1769 re

126 1791 253 1863 Explicat
271 1798 433 1863 angustum
457 1793 620 1848 discriminis
637 1793 735 1848 ultima
754 1791 864 1862 quando
957 1808 983 1847 55

127 1869 270 1926 Praesidia
288 1871 426 1926 afferimus
444 1888 542 1926 navem
560 1871 668 1926 iactura
686 1870 825 1946 minorem.

127 1945 231 2002 Inone
250 1951 279 2003 ot
298 1948 386 2003 ventis
405 1947 523 2002 animam
542 1946 683 2002 committe
702 1945 795 2002 dolato

127 2023 250 2079 Confisus
268 2024 350 2094 ligno,
372 2024 466 2094 digitis
485 2042 502 2079 a
520 2025 608 2078 morte
627 2026 749 2078 remotus

128 2101 252 2166 Qustuor
269 2105 318 2156 aut
338 2105 455 2171 septem,
466 2101 489 2154 si
510 2101 547 2154 sit
565 2099 698 2154 latissima
716 2098 806 2156 aeda

127 2177 193 2232 Mox
214 2193 276 2232 cum
296 2177 418 2232 reticulis
439 2180 469 2232 et
488 2193 560 2246 pane
579 2179 609 2232 et
629 2179 725 2232 ventre
744 2175 857 2244 lagenae
956 2191 981 2230 eo
1062 2219 1063 2244 ³

128 2252 231 2322 Aspice
250 2254 396 2308 sumendas
414 2253 442 2308 in
461 2256 629 2322 tempestate
647 2235 762 2308 sechrea
1062 2301 1063 2304 ,

127 2327 183 2384 Sed
199 2333 345 2400 postquam
358 2330 449 2400 jacuit
466 2331 578 2398 planum
592 2346 677 2398 mma,
694 2333 818 2400 tempora
833 2333 979 2402 postquam

128 2407 264 2476 Prospera
280 2407 398 2462 vectoris
416 2407 559 2476 fatumque
578 2405 714 2460 valentius
733 2408 808 2461 Euro

127 2482 165 2538 nt
184 2482 297 2554 pelago;
320 2486 466 2553 postquam
488 2483 590 2538 Parcae
608 2481 722 2537 meliora
741 2481 860 2552 benigna

128 2559 217 2616 Pensa
236 2576 319 2614 mauu
338 2559 442 2616 ducunt
462 2559 563 2614 hilares
584 2562 613 2614 et
632 2559 758 2614 staminis
777 2558 832 2613 albi
954 2572 979 2612 es

127 2636 271 2703 Lanificae,
290 2635 397 2692 modica
415 2653 466 2692 nec
485 2635 603 2690 miultum
621 2635 719 2690 fortior
734 2651 802 2690 aura

127 2712 234 2768 Ventus
252 2712 346 2770 adest:
369 2713 444 2783 inopi
461 2711 623 2768 miserabilis
641 2715 702 2768 arte
722 2710 842 2766 cucurrit

127 2788 261 2846 Vestibus
280 2790 402 2846 extentis
420 2792 458 2858 et,
477 2787 552 2859 quod
572 2790 749 2858 superaverat
767 2802 860 2851 unani,

128 2864 199 2920 Velo
218 2883 301 2935 prora
319 2883 375 2922 suo.
411 2867 477 2920 Jam
496 2863 686 2920 deficientibus
705 2863 819 2918 Austris
1061 2911 1062 2920 ,

127 2935 198 3010 Spes
215 2942 289 2996 vitae
307 2957 369 2996 cum
388 2942 444 2998 sole
464 2940 549 2994 redit:
574 2943 634 2994 tum
652 2943 748 3008 gratus
767 2938 836 3008 Iulo,
954 2953 979 2996 ro

129 3020 225 3083 Atque
243 3017 379 3070 novercali
398 3017 478 3071 sedes
495 3015 620 3084 praelata
640 3015 757 3096 Lavini*

129 3087 444 3158 Conspicitur'sublimis
462 3107 541 3159 apex,
560 3090 605 3144 cui
624 3089 741 3144 candida
760 3105 859 3144 nomeu

132 3164 224 3219 r'crota
242 3163 329 3232 dedit,
342 3163 427 3230 ,netis
446 3163 600 3234 Phrygibus
618 3163 742 3220 mirabffl
762 3181 867 3236 sumen,

179 3523 456 3534 Q—‚‚
