2126 3532
126 151 172 202 iol
391 149 424 199 A.
443 149 562 198 PERSII
579 147 710 198 FLACCI

160 237 313 305 Scribimus,
325 235 446 290 inclusus
463 251 590 290 numeros
607 235 661 303 ille,
673 235 718 289 hic
735 233 806 306 pede
823 236 903 302 liber,

125 315 238 370 Grande
249 313 353 382 aliquid
371 313 446 382 quod
457 311 550 382 pulmo
563 312 668 365 animae
685 311 842 381 praelargus
856 313 974 368 anhelet

125 392 236 446 Scilicet
253 389 321 444 haec
338 387 449 459 populo,
466 405 607 458 pexusque
625 393 744 456 togaque
761 389 865 444 recenti
955 405 977 444 u

125 469 163 522 m
179 467 305 521 natalitia
322 467 434 520 tandem
452 481 514 519 cum
532 465 699 532 sardonyche
715 465 802 534 albus,

125 543 198 598 Sede
215 543 291 612 leget
309 543 388 610 celsa,
407 541 510 610 liquido
529 559 590 596 oum
608 541 742 610 plasmate
758 545 857 610 guttur

124 621 228 676 Mobile
245 619 370 674 calluerit
358 623 435 690 ttpa
423 618 509 673 tranti
526 619 629 672 fractus
646 619 738 673 ocello.

125 697 179 751 Hic
196 714 287 766 neque
304 713 379 750 more
397 694 484 764 probo
501 695 595 749 rideas
613 711 663 748 nec
681 708 746 749 voce
763 711 860 750 serena

126 773 259 842 Ingentes
276 772 416 841 trepidare
434 772 517 840 Titos,
536 789 599 826 cum
616 771 737 826 camnine
754 771 879 826 lumbum
956 786 979 826 a)
1025 759 1026 790 ¹

125 850 236 905 intrant
254 853 283 904 et
301 849 418 904 tremulo
437 849 596 918 scalpuntur
612 849 703 904 ut't
661 853 703 904 mt
704 849 759 903 ima
776 865 864 904 versu.

124 927 199 995 Tuu',
217 926 315 992 vetule,
333 926 459 981 auriculis
477 927 572 980 alienis
592 926 696 994 colligis
714 927 807 981 escasl
1025 917 1026 988 l

125 1003 263 1058 Auriculis
281 1002 380 1072 quibus
398 1007 427 1057 et
415 1002 586 1057 tdicast
539 1007 586 1057 out
588 1021 612 1058 e
620 1003 754 1072 perditus,
772 1003 873 1058 obe!—

123 1081 207 1146 “Quo
219 1079 394 1148 didicisse,
368 1096 420 1134 msr
412 1079 482 1134 'hoe
500 1081 619 1134 femneut
607 1083 666 1134 tum
681 1083 710 1134 et
722 1096 793 1148 quae
804 1079 890 1134 seanel
903 1078 979 1133 intus

125 1157 227 1213 lunata
244 1163 293 1226 est,
311 1161 393 1228 rupto
408 1157 510 1224 jecore,
528 1157 627 1211 exierit
645 1157 824 1227 caprificusl”
955 1170 979 1209 aa

124 1233 168 1289 En
186 1235 274 1306 pallor
291 1233 464 1302 seniumque!
502 1233 525 1287 Ο
544 1237 647 1288 mores!
665 1233 874 1303 usqueadeone

124 1312 202 1367 Scire
219 1316 298 1368 tuum
315 1311 383 1366 nihil
401 1315 444 1366 est
462 1311 514 1365 nisi
531 1314 561 1366 te
579 1311 648 1365 scire
665 1310 716 1364 hoc
737 1311 806 1364 sciat
823 1310 914 1366 alteri

123 1391 186 1444 “At
204 1390 328 1460 pulcmm
346 1387 434 1459 digito
452 1387 599 1442 monstrari
617 1390 647 1442 ct
664 1387 758 1457 dicier,
775 1386 822 1442 hic
838 1391 897 1442 est!

123 1465 187 1521 'len'
204 1467 367 1521 cirratorum
386 1470 495 1520 centurn
513 1464 617 1518 dictata
635 1463 719 1518 luisse

122 1542 178 1596 Pro
194 1541 279 1596 nihilo
296 1541 433 1611 pendasl’‘
468 1541 539 1595 Ecce
555 1541 630 1595 inter
647 1541 745 1610 pocula
762 1544 900 1611 quaerunt
953 1557 979 1596 ao

121 1618 287 1672 Romulidae
305 1619 392 1672 satun'
409 1617 477 1688 quid
496 1617 542 1671 dia
559 1621 688 1687 poemata
704 1621 825 1672 narrent.

123 1695 177 1748 Hic
195 1693 293 1764 aliquis
311 1695 354 1748 cui
372 1695 472 1747 circum
486 1693 614 1748 humeros
630 1693 807 1762 hyacinthina
823 1692 904 1748 laena
923 1697 976 1762 est,

122 1771 305 1826 Rancidulum
323 1769 454 1839 quiddam
471 1769 554 1824 balba
570 1771 606 1824 de
623 1787 689 1824 nare
707 1770 822 1836 locutus,

100 1881 102 1886 .
122 1847 269 1916 Phyllidas,
289 1846 464 1916 Hypsipylae,
478 1851 571 1901 vatum
590 1850 619 1901 et
636 1845 769 1915 plorabile
786 1845 810 1900 si
827 1845 902 1914 quid,

121 1923 241 1992 Eliquat,
260 1941 292 1978 ac
310 1927 408 1978 tenero
426 1923 586 1993 supplantat
603 1922 689 1977 verba
706 1921 806 1992 palato.
953 1937 978 1976 aa

121 2003 273 2054 assensere
291 2000 355 2055 viri:
378 2017 449 2054 uunc
466 2016 520 2053 non
539 1999 606 2054 einis
623 1999 669 2052 ille
686 2005 786 2068 poetae

122 2076 217 2132 Felixl
241 2095 295 2132 nou
313 2077 398 2131 levior
415 2077 511 2146 cippus
528 2093 600 2130 nunc
617 2076 750 2144 imprimit
766 2077 847 2134 ossal

122 2153 252 2208 Laudant
270 2154 413 2218 convivam
434 2170 506 2207 nunc
523 2169 577 2206 non
595 2170 611 2206 e
629 2152 756 2207 Manibus
773 2151 836 2222 illis,

122 2229 148 2284 N
150 2248 203 2284 unc
220 2247 274 2284 usn
293 2247 308 2284 e
325 2229 432 2283 tumulo
450 2230 645 2297 fortunataque
663 2229 753 2284 lavilla

123 2307 279 2360 Nascantur
296 2306 402 2361 violael
438 2306 571 2373 R“ides,’'
589 2306 635 2372 ait,
654 2306 799 2360 “etnimis
815 2306 893 2362 uncis
951 2322 976 2362 ao

123 2383 244 2436 Naribus
262 2375 400 2450 indulges:
426 2399 459 2436 an
478 2382 532 2436 erit
550 2383 597 2451 qui
614 2348 685 2436 nelle
702 2385 812 2437 recuset

123 2458 162 2511 Os
179 2459 273 2528 populi
289 2459 428 2522 meruisse,
445 2461 474 2512 et
492 2459 574 2512 cedro
592 2458 675 2525 digna
691 2457 799 2512 locutus

122 2534 259 2604 Linquere
277 2551 327 2588 nec
343 2535 481 2589 scombros
498 2535 650 2588 metuentia
669 2535 790 2588 earmina
803 2551 854 2590 nec
871 2535 949 2591 aar·

157 2609 286 2680 Quisquis
304 2627 340 2676 es,
361 2627 378 2664 o
395 2611 477 2664 modo
495 2628 577 2682 quem
596 2629 630 2666 ex
649 2611 763 2666 advorso
782 2611 873 2666 dicere
891 2612 951 2679 ieci,

120 2688 183 2742 Non
200 2703 251 2756 ego
268 2703 331 2741 cum
349 2687 440 2742 scribo
458 2688 481 2742 si
498 2688 569 2743 l’orte
587 2688 654 2756 quid
671 2689 762 2758 aptius
779 2689 845 2756 exit,
947 2704 972 2743 aa

121 2765 293 2833 Quamquam
305 2763 372 2818 hacc
384 2781 447 2819 rara
459 2765 516 2818 avis
528 2769 578 2832 est,
591 2766 613 2818 si
624 2764 691 2832 quid
698 2770 790 2820 tamen
802 2765 894 2836 aptius
905 2765 969 2833 exit,

120 2840 241 2895 Laudari
259 2845 395 2905 metuam
412 2858 502 2910 aeque
520 2841 593 2895 enim
610 2841 677 2894 mibi
695 2859 795 2896 cornea
811 2841 883 2895 fibra
899 2845 956 2896 est:

120 2916 177 2970 Sed
193 2917 263 2970 recti
282 2919 418 2984 finemque
435 2923 644 2986 extremumque
662 2933 722 2970 esse
739 2933 835 2972 racaaso

120 2991 201 3043 Enoc
218 2994 296 3043 tuum
315 2995 344 3043 ct
361 3007 460 3046 sanun.
496 2993 567 3046 Nam
586 2993 656 3046 belle
673 2991 725 3046 boc
742 2998 841 3048 excute
857 2995 950 3058 totum,

122 3064 144 3080 ¹*
157 3063 196 3116 nd
212 3080 265 3116 non
282 3066 358 3118 intus
370 3067 472 3122 habeti
508 3069 570 3122 Non
588 3069 632 3121 laic
650 3074 693 3122 est
712 3069 779 3123 ilias
797 3069 867 3122 Acci
943 3083 967 3124 aa

177 3138 206 3189 ia
222 3141 349 3192 veratrol
370 3155 424 3192 nou
442 3143 464 3194 si
483 3159 537 3210 qua
554 3143 671 3209 elegidia
688 3144 767 3198 crudi

185 3217 268 3266 arunt
284 3216 428 3280 proceres?
446 3233 500 3270 uou
517 3217 647 3286 quicquid
664 3217 783 3289 denique
799 3218 879 3275 lectis
