2164 3536
443 87 577 137 SATIRA
592 87 674 138 VIII.
952 88 983 138 ot

121 175 191 232 ¹Par·
208 173 462 244 Agamemnonidae
479 174 597 242 crimem
615 175 665 230 sed
682 188 765 230 eausa
781 175 925 230 feeit-rem
947 191 983 232 us

134 251 307 306 Dissimilem.
343 250 449 320 Quippe
466 249 513 306 ille
529 249 588 306 deis
606 251 764 306 auctoribus
779 251 855 306 ultor

134 328 225 394 Patris
242 331 302 382 erat
319 327 391 382 oaesi
409 327 501 382 media
517 327 591 382 inter
608 328 719 398 poeula:
737 327 788 384 sed
804 343 856 388 nee

134 405 259 460 Electrae
272 403 370 473 jugulo
387 421 418 458 se
434 403 532 474 polluit
547 406 597 458 aut
616 404 744 474 Spartani

134 481 270 551 Sanguine
287 479 422 549 eonjugii3
439 480 520 534 nullis
536 479 646 536 aeonita
662 481 823 552 propinquis

133 557 251 624 Miscuit,
269 556 298 610 in
315 573 397 611 soena
413 573 554 626 nunquam
571 557 693 612 cantavit
711 559 831 626 Orestes,
948 573 984 614 asu

133 634 229 689 'l'roiea
246 651 300 688 non
316 633 433 703 scripsit.
469 633 543 698 Quid
560 632 634 687 enim
652 629 802 699 Verginius
819 630 906 686 ermis·

133 710 238 766 Debuit
254 710 349 766 uloisei
365 709 460 779 magis,
479 712 608 765 autenm
627 707 747 763 Vindice
765 706 868 762 Galbal

134 786 206 852 Quid
223 787 250 841 N
252 803 300 842 ero
317 795 376 842 tam
392 803 474 841 saeva
490 785 632 856 emdaque
648 784 794 855 tyrannide
811 783 895 839 feeitl

133 863 211 918 Haeo
228 880 312 934 opera
328 867 413 932 atque
429 863 482 918 hae
498 866 563 927 sunt
580 863 705 933 generosi
723 859 856 930 Principis
867 863 949 926 artes,

131 939 286 997 Gaudentio
301 940 382 995 ioedo
399 939 544 1010 peregrina
561 941 597 995 ad
614 941 723 1011 pulpita
739 941 841 995 eantu‘
948 950 985 990 225

133 1015 266 1071 Prostitui
283 1017 439 1086 Grataeque
457 1017 549 1086 epium
566 1017 697 1073 meruisse
714 1033 839 1072 coronae.
880 1027 883 1034 ’

132 1091 269 1162 Majorum
286 1093 391 1162 effigies
408 1093 528 1148 habeant
545 1093 661 1162 insignia
679 1093 767 1149 vocis:

132 1170 208 1224 Ante
226 1169 312 1240 pedes
330 1169 435 1224 Domiti
452 1169 564 1238 longum
581 1174 614 1224 tu
630 1177 702 1241 pone
720 1169 853 1240 Thyestae

108 1291 113 1298 .
131 1245 227 1315 Syrma
244 1246 288 1302 vel
306 1245 469 1315 Antigones,
487 1250 519 1301 tu
535 1261 680 1316 personam
698 1247 879 1316 Menalippes,
942 1275 943 1278 ¹

130 1322 170 1378 Et
187 1322 223 1378 de
239 1339 392 1378 marmoreo
409 1322 542 1378 citharam
559 1323 696 1394 suspende
713 1323 824 1378 colosso.
948 1333 985 1373 eso

166 1399 247 1468 Quid,
266 1399 392 1467 Catilina,
409 1400 465 1454 tuis
482 1399 619 1454 natalibus
636 1403 720 1469 atque
740 1398 857 1467 Cethegi

131 1474 258 1531 Inveniet
275 1477 419 1546 quisquam
437 1475 595 1530 sublimiusl
631 1479 721 1531 Arma
738 1479 832 1531 tamen
848 1491 896 1530 vos
923 1504 925 1507 ·

129 1551 157 1605 N
158 1555 273 1607 ootmna
289 1556 318 1608 et
336 1553 460 1608 flammas
477 1551 604 1607 domibus
621 1553 786 1624 templisque
803 1550 929 1622 parastis,

130 1628 172 1684 Ut
190 1629 386 1684 Braoeatorum
403 1629 483 1698 pueri
500 1629 692 1700 Senonumque
709 1629 839 1697 minores,
971 1655 973 1660 ·

129 1704 202 1758 Ausi
218 1705 294 1775 quod
309 1705 392 1761 lieeat
409 1705 503 1760 tunica
519 1706 617 1776 pmrire
634 1707 757 1762 molesta.
950 1717 986 1758 aas

130 1779 187 1836 Sed
203 1781 299 1850 vigilat
317 1781 418 1836 Consul
434 1781 588 1851 vexillaque
606 1785 698 1837 vestra
719 1784 835 1837 coercet.

131 1857 185 1912 Hie
202 1875 289 1912 novus
307 1857 434 1928 Arpinas,
452 1859 578 1927 ignobilis
595 1862 625 1913 et
641 1857 723 1914 modo
741 1858 846 1914 Romae

130 1933 304 2004 Municipalis
322 1935 422 2004 Eques,
440 1935 578 2004 galeatum
596 1937 675 2006 ponit
692 1935 794 2004 ubique

131 2009 303 2065 Praesidium
321 2009 447 2066 attonitis
464 2014 493 2066 et
510 2011 540 2065 in
556 2012 630 2066 omni
647 2015 731 2082 gente
748 2013 861 2068 laborat.

130 2085 248 2141 'lantum
265 2087 350 2156 igitur
366 2103 459 2141 muros
475 2087 551 2142 intra
567 2092 633 2157 toga
651 2089 768 2144 eontulit
784 2089 825 2142 illi
950 2103 986 2142 240

129 2162 255 2218 Nominis
271 2167 305 2226 et·
318 2163 402 2231 tituli,
421 2168 555 2234 quantum
573 2182 628 2220 non
647 2165 782 2232 Leueade,
800 2167 934 2234 quantum

130 2239 286 2294 Thessaliae
303 2241 407 2309 eampis
426 2239 557 2294 Octavius
575 2240 691 2296 abstulit
708 2241 764 2295 udo

130 2315 266 2370 Caedibus
284 2315 398 2370 assiduis
415 2315 516 2384 gladio.
554 2315 610 2370 Sed
629 2317 718 2371 Roma
735 2319 888 2386 parentem,

130 2391 219 2447 Roma
237 2392 350 2448 Patrem
368 2392 479 2451 Patriae
498 2392 659 2448 Ciceronem
676 2393 765 2448 libera
783 2393 861 2448 dixit

129 2468 251 2538 Arpinas
269 2468 338 2524 alius
357 2468 518 2524 Volscorum
537 2468 567 2524 in
587 2474 680 2526 monte
699 2469 805 2525 solebat
951 2483 987 2522 aas

130 2544 247 2600 Posoere
265 2545 404 2618 mercedes
424 2545 511 2601 alieno
530 2547 618 2602 lassus
637 2551 743 2612 aratro;

130 2623 157 2679 N
158 2623 269 2678 odosam
287 2624 350 2692 post
369 2622 437 2678 haee
456 2623 604 2694 frangebat
623 2624 726 2679 vertiee
744 2623 838 2691 vitem,

130 2697 159 2752 Si
178 2697 269 2754 lentus
286 2699 367 2768 pigra
385 2700 506 2755 muniret
526 2704 618 2756 eastra
639 2701 757 2756 dolabra

129 2773 184 2828 Hie
201 2778 296 2829 tamen
313 2777 344 2830 et
363 2775 487 2854 Cimbros
508 2781 538 2832 et
557 2794 663 2832 summa
681 2776 802 2848 pericula
819 2791 913 2832 rerum

127 2850 243 2920 Excipit,
262 2855 292 2907 et
310 2851 383 2907 solus
402 2853 591 2922 trepidantem
611 2855 733 2924 protegit
751 2851 873 2918 Urbem;
949 2865 987 2906 ato

129 2928 224 2996 Atque
235 2927 306 2997 ideo,
318 2933 465 3000 postquam
478 2929 515 2984 ad
527 2930 652 2985 Gimbros
664 2934 840 2998 stragemque
858 2925 987 2982 volabant

128 3003 182 3068 Qui
199 3021 339 3074 nunquam
357 2999 507 3074 attigerant
524 3005 629 3075 majora
647 3006 781 3060 cadavera
798 3003 880 3072 oorri,

127 3078 235 3134 Nobilis
253 3083 367 3136 ornatur
383 3081 460 3136 lauro
477 3082 582 3149 collega
599 3081 726 3137 secunda

128 3155 255 3212 Plebeiae
273 3155 422 3214 Deciorum
439 3157 554 3229 animae,
570 3155 679 3229 plebeia
694 3156 805 3214 iuemrnt
