2134 3536
117 118 150 168 24
354 117 387 170 D.
404 119 423 168 J
428 119 510 169 UNII
526 119 546 169 J
549 119 737 170 UVENALIS

118 204 175 260 Vix
192 205 317 272 fractum,
336 205 438 261 solidae
452 205 512 276 jam
529 207 639 262 mucida
656 206 871 276 111111111111111,

119 282 196 347 Quae
213 283 361 352 genuinum
378 282 485 352 agitent
501 299 556 338 non
573 284 749 340 admittentia
765 299 899 339 morsum:

118 358 175 413 Sed
192 361 272 414 tener
289 362 320 414 11
336 359 431 415 niveus
448 359 578 429 mollique
595 361 700 429 siligine
718 361 807 416 lactus
945 374 969 418 11

117 435 250 490 Servatur
267 435 384 492 domino.
418 435 553 491 Dextram
570 437 698 492 cohibere
714 441 864 494 memento:

113 511 198 578 ¹Salva
216 512 252 567 sit
270 516 397 583 artoptae
414 513 574 568 reverentia.
610 514 695 582 Finge
712 517 804 568 tamen
821 517 852 570 te

116 587 314 658 Improbulum‚
332 593 458 660 superest
474 589 530 644 illic
548 589 595 659 qui
612 607 715 660 ponere
731 593 818 660 cogat.

117 664 189 720 “Vis
206 669 239 721 tu
256 666 393 721 consuetis
410 666 501 720 audax
520 667 633 722 conviva
650 664 775 722 canistris
1051 722 1054 731 ,

116 741 231 813 Impleri
248 744 380 812 panisque
397 743 440 798 tui
456 743 563 798 novisse
580 744 730 800 coloremi”
944 775 952 800 1
1051 768 1055 799 1

116 818 225 874 Scilicet
242 820 294 874 hoc
309 821 402 874 fuerat
419 824 533 890 propter
550 821 624 889 quod
641 837 722 890 saepe
740 820 836 875 relicta
1052 862 1055 917 Ι

115 895 238 966 Oonjuge
255 914 305 966 per
321 899 443 950 montem
461 897 606 951 adversum
623 897 780 967 gelidusque
797 897 906 952 cucurri

114 971 257 1042 Esquilias,
275 973 406 1028 fremeret
424 989 505 1028 saeva
523 990 607 1042 quum
624 974 758 1042 grandine
774 990 874 1029 vernus

114 1047 134 1101 J
135 1050 246 1118 uppiter
263 1053 292 1104 et
309 1050 397 1104 multo
415 1049 533 1104 stillaret
549 1051 665 1120 paenula
688 1051 793 1106 nimbo!

114 1125 217 1196 Aspice
235 1143 318 1197 quam
336 1126 416 1196 longo
434 1125 576 1181 distendat
593 1130 707 1196 pectore
723 1126 831 1182 lancem
941 1143 966 1182 11

115 1200 192 1265 Quae
208 1203 296 1258 fertur
314 1202 423 1257 domino
440 1203 546 1274 squilla,
564 1206 593 1258 11
617 1203 716 1272 quibus
739 1204 862 1274 undique
884 1206 966 1276 septa

114 1279 272 1348 Asparagis,
291 1297 346 1350 qua
364 1280 498 1351 despiciat
516 1279 636 1334 convivia
653 1279 741 1335 cauda

114 1353 204 1419 Quum
221 1357 298 1411 venit
315 1357 416 1412 excelsi
433 1356 558 1411 manibus
575 1357 684 1411 sublata
700 1356 826 1412 ministri

113 1431 168 1486 Sed
185 1433 237 1487 tibi
256 1433 370 1488 dimidio
388 1434 550 1488 constrictus
568 1449 721 1488 cammarus
739 1449 790 1489 ovo

112 1506 229 1564 Ponitur
246 1509 353 1578 exigna,
370 1510 463 1564 feralis
480 1526 570 1576 coena,
587 1510 695 1580 patella
939 1527 965 1566 11

112 1583 178 1654 Ipse
195 1587 351 1641 Venafrano
368 1587 470 1656 piscem
487 1587 643 1656 perfundit:
669 1589 699 1641 at
716 1587 761 1642 hic
778 1587 826 1658 qui
1049 1632 1053 1687 ι

112 1660 234 1717 Pallidus
252 1663 367 1718 affertur
383 1664 483 1717 misero
500 1663 552 1717 tibi
570 1663 654 1717 caulis
671 1663 755 1718 olebit

106 1737 273 1794 Laternam:
299 1739 367 1793 illud
384 1741 456 1794 enirn
473 1740 573 1793 vestris
591 1739 676 1794 datur
693 1740 804 1795 alveolis
822 1741 898 1810 qnod

112 1815 206 1870 (ianua
223 1816 402 1887 Micipsarum
418 1833 502 1886 prora
520 1815 646 1870 subvexit
667 1820 754 1885 acuta,

111 1891 230 1962 Propter
247 1893 322 1962 quod
340 1895 443 1948 Romae
461 1909 524 1946 cum
542 1893 680 1947 Boccbare
698 1909 779 1948 nemo
796 1893 911 1964 lavatur,
938 1907 965 1948 aa

112 1968 192 2034 Quod
209 1973 285 2024 tutos
304 1970 387 2024 etiarn
404 1969 471 2024 facit
488 1985 505 2023 a
522 1969 694 2038 serpentibus
713 1970 802 2025 Afros.

110 2045 213 2100 Mullus
231 2047 284 2101 1111
302 2047 411 2111 domini,
431 2062 513 2116 quem
530 2045 605 2101 misit
622 2046 731 2101 0111111
748 2048 792 2101 111
809 2063 892 2117 quern

111 2121 355 2178 Tauromenitanae
372 2139 463 2194 rupes,
481 2123 591 2192 quando
609 2139 689 2176 omne
706 2127 849 2192 peractum
868 2127 912 2180 est
1053 2109 1058 2218 1

110 2199 148 2254 111
161 2199 221 2268 jam
239 2200 341 2256 defecit
358 2205 483 2255 nostrum
500 2216 576 2254 mare
595 2199 660 2254 dum
677 2201 744 2268 gula
763 2200 856 2269 saevit,

110 2275 228 2330 Ratibus
246 2277 362 2332 assiduis
379 2277 488 2347 penitus
507 2278 647 2330 scrutante
664 2277 778 2332 macello
937 2291 965 2332 aa

110 2352 246 2422 Proxima,
264 2371 315 2409 nec
332 2355 437 2424 patitur
454 2353 622 2422 Tyrrhenum
640 2369 761 2408 crescere
777 2353 887 2424 piscem.

110 2429 229 2485 Instruit
247 2447 312 2500 ergo
329 2432 418 2485 focum
435 2427 587 2499 provincia3
605 2430 721 2485 sumitur
737 2429 811 2484 illinc

110 2507 190 2574 Quod
207 2511 334 2578 captator
351 2511 425 2562 emat
443 2507 556 2572 Laenas,
576 2506 690 2561 Aurelia
711 2506 819 2561 vendat

109 2583 221 2640 Virroni
238 2601 369 2638 1111111111
386 2583 474 2649 datur,
493 2599 564 2652 quae
583 2583 703 2637 maxima
725 2582 802 2637 venit

81 2701 84 2706 -
109 2661 226 2730 Gurgite
243 2661 279 2715 de
298 2660 401 2715 Siculo:
424 2677 487 2714 narn
506 2658 571 2712 dum
590 2677 620 2714 se
637 2659 764 2714 eontinet
778 2659 889 2726 Auster,
924 2675 965 2715 111

109 2736 182 2791 Dum
200 2737 280 2792 sedet
297 2740 327 2792 et
345 2738 431 2792 siccat
447 2734 572 2789 madidas
588 2735 617 2788 in
634 2751 743 2789 carcere
760 2749 871 2803 pennas,

109 2814 294 2868 Contemnunt
311 2815 429 2869 mediam
447 2812 595 2868 temeraria
612 2811 668 2866 lina
686 2811 859 2880 Charybdim.

108 2889 166 2944 Vos
184 2889 303 2958 anguilla
320 2893 413 2946 manet
430 2890 528 2958 longae
546 2891 662 2956 cognata
685 2887 819 2957 colubrae,

109 2968 169 3020 Aut
186 2967 272 3035 glacie
289 2983 415 3037 aspersus
432 2965 545 3020 maculis
563 2963 705 3018 'liberinus
723 2967 752 3018 et
769 2965 827 3034 ipse

107 3041 228 3096 Vernula
245 3043 374 3112 riparum,
392 3041 500 3110 pinguis
517 3044 642 3095 torrente
660 3041 758 3108 cloaca,
924 3055 964 3097 111
1057 3089 1058 3112 ἢ

107 3117 145 3172 Et
162 3117 257 3172 solitus
275 3119 382 3173 mediae
400 3122 523 3187 cryptam
540 3120 685 3185 penetrare
709 3117 855 3172 Suburrae.
1057 3115 1058 3124 ³

160 3193 219 3264 ipsi
238 3210 326 3264 pauca
341 3195 430 3264 velim,
447 3193 554 3248 facilem
572 3191 596 3246 si
611 3193 744 3263 praebeat
761 3209 862 3249 aurem.
919 3211 922 3226 ¹
