2164 3536
145 125 178 182 co
382 129 415 180 n.
433 97 768 184 ruurrruvnuffls

140 217 288 289 Primaque
307 217 446 288 paradeo
464 235 558 275 sacrae
580 220 680 290 lanugo
699 223 837 279 senectae!

138 295 220 349 Nune
238 295 261 349 si
282 294 438 365 depositum
457 313 512 351 uon
532 291 669 352 iritltietur
686 299 796 365 amiens,
983 317 1007 356 er

139 371 169 427 ai
188 373 290 428 reddat
310 376 432 428 veterem
453 389 515 428 cum
533 377 594 429 tota
612 375 742 444 aerugine
758 374 862 446 follem,

139 448 300 519 Prodigiosa
319 449 388 504 fides
406 453 436 506 et
456 451 550 506 'luscis
569 451 653 521 digna
670 451 777 520 libellis,

139 526 271 596 Quaeque
289 531 420 581 coronata
437 527 552 582 lustrari
570 527 673 582 debeat
693 545 769 597 agna

138 601 287 672 Egregium
308 607 487 673 sanctumque
507 606 595 660 virum
615 609 639 659 sl
657 621 746 673 cerno,
763 605 915 662 bimembri

138 677 201 734 Hoc
218 683 372 735 monstrum
392 696 478 750 puero
496 684 545 736 aut
563 680 675 736 miranti
692 680 744 737 sub
762 686 857 737 aretro
978 699 1002 740 aa

138 755 262 811 Piscibus
276 758 401 816 ,inventis
421 761 451 812 et
471 758 545 813 ietse
563 774 692 828 comparo
712 749 811 823 mulae,

138 832 276 889 Sollicitus
295 838 427 906 tanquam
446 833 559 904 lapides.
570 834 701 889 effuderit
720 834 810 891 imber

62 919 65 930 ·
137 909 315 980 Examenque
335 907 429 980 apium
446 911 529 981 longe
547 911 704 966 consederit
723 928 776 966 uva

97 1043 102 1054 ,
137 985 263 1042 Oulmine
283 987 399 1056 delubri,
419 991 552 1058 tanquam
570 989 599 1042 in
620 1004 697 1043 mare
716 989 939 1120 fluxeritmmffm
1058 983 1059 1028 l

137 1062 300 1132 Gurgitibus
318 1065 395 1119 miris
414 1069 444 1120 et
462 1065 543 1121 lactis
556 1065 665 1120 ¹vertice
683 1068 799 1120 torrens.
872 1109 879 1132 .
972 1083 998 1124 ro

110 1179 114 1186 -
172 1139 332 1212 Intercepta
352 1141 449 1198 decem
468 1143 590 1210 quereris
611 1142 738 1197 sestertia
758 1142 857 1196 fraude

137 1216 291 1294 Sacrilegal
327 1219 401 1286 Quid
420 1219 443 1273 si
461 1219 503 1274 bis
520 1221 632 1273 eentum
651 1217 774 1287 perdidit
793 1218 865 1274 alter

138 1293 200 1350 Hoc
217 1311 317 1351 arcana
332 1295 443 1354 model.
454 1295 599 1364 majorem·
609 1295 708 1349 tertius
725 1294 773 1349 illa

137 1370 283 1438 Summam,
302 1387 384 1441 quam
401 1372 513 1442 patulae
530 1371 576 1424 vix
595 1373 708 1441 ceperat
724 1370 840 1439 angulus
858 1373 961 1428 areael

137 1447 203 1520 'lam
214 1449 295 1504 facile
306 1453 337 1503 et
349 1463 465 1518 pronum
477 1451 520 1502 est
532 1463 644 1517 superos
656 1451 828 1502 contemnere
840 1450 938 1517 testes,
970 1463 996 1504 re

137 1522 166 1577 si
184 1525 305 1579 mortalis
324 1525 399 1580 idem
417 1541 498 1578 nemo
518 1523 600 1580 sciat!
638 1523 739 1592 Aspice
758 1527 861 1592 quanta

136 1599 211 1655 Voce
229 1603 319 1670 neget,
337 1601 461 1671 quaesit
481 1600 540 1655 ficti
556 1599 709 1655 constantie
725 1599 825 1654 vultus

137 1676 191 1732 Per
209 1677 280 1732 Solis
298 1677 390 1732 radios
407 1676 578 1746 Tarpeiaque
598 1676 713 1731 fulmina
726 1675 806 1744 jmat

136 1753 174 1807 Et
193 1753 290 1808 Martis
308 1753 440 1808 frameam
459 1756 488 1807 et
508 1752 631 1807 Cirrhaei
649 1752 751 1822 spicula
769 1753 847 1822 ratis,

136 1827 191 1884 Per
209 1829 326 1884 calamos
345 1828 491 1883 venatricis
508 1827 721 1898 pharetramque
738 1829 853 1897 puellae,
968 1845 994 1886 sc

135 1903 243 1976 Perque
262 1909 349 1974 tuum,
367 1908 449 1976 pater
470 1905 574 1974 Aegaei
594 1905 731 1974 Neptune,
750 1905 915 1973 tridentem

135 1982 226 2037 Addit
244 1985 274 2037 et
290 1982 442 2037 Herculeos
460 1997 539 2035 arcus
555 1981 719 2050 hastamque
739 1981 888 2052 Minervae,

135 2057 282 2128 Quidquid·
293 2057 398 2113 hubent
416 2057 535 2112 telorum
555 2056 766 2112 armamentaria
783 2056 858 2113 caeli
1056 2117 1057 2139 χ

134 2133 163 2188 Si
182 2151 247 2189 vero
265 2138 295 2189 et
312 2139 394 2204 pater
410 2137 461 2203 est,
478 2133 669 2201 “Oomedam,''
689 2133 786 2202 inquit,
806 2132 919 2190 “flebile
930 2135 993 2192 nati

134 2209 259 2280 Sinciput
277 2211 342 2266 elixi
359 2210 514 2282 Pharioque
532 2210 669 2265 madentis
686 2210 788 2266 soem?
966 2227 992 2268 aa

168 2287 238 2342 Sunt
255 2287 285 2342 in
304 2288 444 2343 Fortunae
461 2287 509 2358 qni
526 2286 634 2341 casibus
651 2287 743 2342 omnia
756 2289 863 2356 ponunt
1055 2293 1056 2327 l

132 2363 170 2418 ut
187 2349 262 2418 nullo
282 2364 400 2420 creduut
417 2363 550 2418 mundum
566 2366 675 2418 rectore
690 2363 803 2432 moveri,

98 2485 101 2506 =
132 2441 240 2495 Natura
259 2440 387 2496 volvente
405 2441 479 2496 vices
499 2443 529 2495 et
545 2438 614 2494 lucis
634 2442 664 2495 et
683 2439 757 2510 enni,
1054 2475 1055 2515 q

132 2518 228 2586 Atque
246 2516 310 2572 ideo
331 2517 463 2586 intrepidi
480 2531 658 2586 quaeeunque
675 2516 774 2573 altaria
791 2519 916 2588 tangunt

131 2593 181 2648 nst
200 2595 270 2649 nlius
288 2600 415 2649 metuens
433 2611 469 2648 ne
488 2594 591 2649 odmen
610 2593 702 2648 Poena
722 2591 869 2664 sequutum
962 2609 989 2650 eo
1053 2599 1054 2644 l

131 2669 187 2726 Hie
203 2672 286 2742 putat
303 2686 365 2726 esse
386 2670 453 2725 deos
472 2672 502 2725 et
523 2669 639 2740 pejerat,
657 2672 743 2740 atque
760 2670 802 2726 ita
819 2685 928 2737 secum
1053 2659 1054 2704 l

130 2745 289 2802 “Decemat
307 2746 490 2817 quodeunque
508 2746 582 2801 volet
599 2745 636 2800 de
655 2761 770 2816 corpore
788 2749 881 2802 nostro

129 2822 184 2878 Isis
203 2827 232 2879 et
250 2824 322 2880 irato
341 2824 423 2880 feriet
441 2839 504 2879 mea
522 2822 627 2878 lumina
644 2823 733 2892 sistro,
782 2844 785 2851 ·

129 2898 286 2958 Dummodo
303 2899 348 2956 rel
368 2915 465 2955 caecus
484 2903 595 2954 tensam
614 2915 682 2969 quos
700 2899 807 2969 abnego
824 2913 967 2958 nummus..

129 2974 169 3028 ut
185 2974 305 3044 phthisis
323 2979 354 3031 et
372 2975 494 3029 vomicae
514 2978 612 3043 putres
631 2978 661 3029 et
679 2975 824 3030 dimidiam
839 2967 903 3030 erus
926 2963 937 2990 ’“
959 2987 986 3032 aa

129 3048 202 3103 Sunt
221 3051 299 3104 tenti.
333 3051 444 3119 Pauper
458 3049 621 3117 locupletem
640 3053 737 3120 optare
754 3050 905 3120 podagram

129 3122 189 3176 'lec
207 3123 317 3179 dubitet
455 3125 479 3178 si
498 3139 553 3178 nou
572 3128 637 3192 eget
655 3126 789 3196 Anticyra
805 3143 857 3182 nee

146 3194 293 3278 uchigene.
382 3197 402 3252 d
421 3198 495 3264 enim
514 3196 615 3254 velocis
632 3198 722 3270 gloria
740 3201 852 3272 plantae
889 3253 891 3258 .

145 3515 239 3522 --·--..—
257 3521 273 3523 ...
