2126 3532
139 92 188 154 ¹na
403 90 436 146 A.
454 91 575 142 Pensm
593 91 723 142 rancor

136 179 213 234 Folle
229 179 340 250 premis·
351 182 449 234 ventos
467 194 518 232 nec
535 178 626 232 clauso
643 181 782 236 murmme
800 182 907 239 raucus

134 255 233 310 Nescio
252 254 321 324 quid
338 259 430 310 tecum
447 270 530 322 grave
548 254 694 310 cornicaris
709 255 812 325 inepte,

134 331 161 386 N
163 350 194 386 ec
212 331 320 400 stloppc
338 329 459 385 tumidus
476 329 596 388 intendis
613 345 742 401 rumpere
759 333 880 388 buccas:

135 407 229 462 Verba
246 411 327 476 togae
344 407 466 476 sequeris
479 406 611 474 junctura
629 407 742 462 callidus
760 410 825 479 acri,

136 483 190 538 Ore
208 489 281 538 teres
299 485 415 554 modico,
432 483 566 554 pallentes
585 484 683 538 radere
700 501 791 543 meres

134 559 239 616 Doctus
257 565 287 616 et
304 561 422 630 ingenuo
440 561 547 629 culpam
566 561 688 630 defigere
705 560 778 618 ludo.

135 637 208 692 Hinc
224 638 305 694 trahe
322 655 392 708 quae
410 637 492 705 dieas,
511 654 674 708 mensasque
691 639 814 710 relinque
831 642 971 711 Mycenis
1029 627 1030 648 ¹

135 714 204 768 Oum
221 717 311 784 capite
327 720 356 770 et
374 714 498 784 pedibus,
517 715 680 786 plebeiaqne
697 718 815 787 prandia
831 721 939 774 noris?

168 792 195 846 N
197 809 232 846 on
250 793 377 862 equidem
396 791 448 846 hoc
465 793 572 862 studeo,
591 794 703 864 pullatis
720 798 753 848 ut
770 796 838 850 mihi
855 798 949 866 nugis

135 869 239 938 Pagina
257 873 405 938 turgescat,
425 869 493 924 dare
511 870 618 940 pondus
636 871 735 926 idonea
751 871 834 928 fumo.

134 947 239 1000 Secreti
250 947 394 1015 loquimur,
412 947 464 1000 tibi
481 963 553 1002 nune
571 948 699 1004 hortante
718 949 836 1004 Oamena

133 1019 305 1089 Excutienda
323 1022 420 1077 damus
437 1024 604 1093 praecordia,
622 1027 780 1094 quantaque
797 1027 914 1080 nostrae

134 1098 202 1152 Pars
218 1103 267 1154 tua
285 1101 328 1167 sit,
348 1099 477 1166 cornute,
497 1101 602 1155 animae
621 1100 679 1167 tibi,
699 1100 786 1154 dulcis
803 1102 902 1166 amice,

134 1174 295 1230 Ostendisse
310 1175 404 1244 juvat:
430 1177 516 1246 pulsa,
536 1176 696 1244 dignoscere
714 1181 809 1232 cautius

134 1251 208 1316 Quid
225 1253 341 1307 solidum
359 1259 454 1322 erepet
472 1259 501 1308 et
518 1254 608 1323 pictae
626 1255 744 1308 tectoria
761 1254 880 1322 linguae.
974 1268 995 1304 nr

134 1328 187 1382 His
205 1345 256 1398 ego
274 1333 402 1384 centenas
421 1331 508 1385 ausim
527 1331 674 1398 deposcere
693 1332 793 1400 fauces,

133 1405 175 1460 Ut
193 1409 325 1475 quantum
342 1407 409 1462 mihi
427 1411 456 1461 te
474 1408 582 1462 sinuoso
600 1407 628 1460 in
645 1411 760 1478 pectore
778 1408 827 1462 dxi

133 1481 208 1538 Voce
224 1483 334 1538 traham
351 1500 427 1554 puna,
446 1488 590 1552 totumque
608 1484 658 1538 hoc
676 1485 760 1539 verba
777 1485 921 1552 resignent

135 1559 215 1624 Quod
233 1559 302 1615 latet
319 1577 418 1616 arcana
435 1577 488 1614 non
507 1559 660 1615 enarrabile
677 1561 754 1616 fibra

169 1636 238 1708 Cum
256 1638 374 1706 primurn
392 1637 490 1706 pavido
509 1639 601 1692 custos
617 1636 685 1691 mihi
702 1653 825 1708 purpura
842 1639 937 1702 cessit,
971 1653 993 1690 :n

134 1711 269 1782 Bullaque
287 1714 432 1770 succinctis
450 1713 565 1770 Laribus
584 1713 687 1768 donata
704 1714 850 1782 pependit;

135 1789 204 1848 Oura
221 1789 316 1844 blandi
332 1791 446 1846 comites
463 1795 577 1859 totaque
594 1790 706 1860 impune
725 1790 847 1845 Saburra

133 1863 263 1930 Permisit
281 1867 411 1936 sparsisse
429 1867 520 1922 oculos
534 1869 594 1937 jam
612 1866 745 1922 candidus
763 1867 861 1931 umbo;

134 1942 259 2014 (tumque
276 1943 331 1998 iter
348 1943 506 2013 ambiguum
524 1947 575 2012 est,
594 1948 624 1999 et
641 1943 715 1997 vitae
733 1944 841 1998 nescius
859 1957 938 1996 error

134 2017 249 2074 Diducit
265 2019 389 2089 trepidas
407 2037 514 2074 ramosa
531 2021 560 2074 in
578 2019 697 2088 compita
714 2014 827 2086 mentes,

133 2095 181 2149 Me
199 2096 251 2150 tibi
270 2097 409 2166 supposui:
435 2100 544 2151 teneros
562 2099 594 2150 tu
611 2095 725 2165 suscipis
742 2107 841 2150 annos*

133 2173 281 2239 Socratico,
301 2173 429 2241 Cornuto,
450 2174 524 2238 sinu;
548 2177 614 2228 tunc
631 2172 727 2226 fallere
745 2171 840 2226 sollers

134 2250 271 2319 Apposita
288 2249 405 2304 intortos
424 2249 550 2304 extendit
567 2249 662 2316 regula
679 2264 775 2316 mores,

133 2325 171 2380 Et
188 2325 323 2395 premitur
340 2326 445 2380 ratione
463 2326 568 2379 animus
586 2325 712 2394 vincique
729 2323 841 2392 laborat,

134 2401 335 2471 Artificemque
353 2405 401 2456 tuo
420 2398 496 2456 ducit
514 2401 565 2454 sub
583 2401 681 2471 pollice
697 2400 810 2456 vultum.
966 2425 988 2460 411

133 2479 235 2533 Tecum
253 2479 355 2534 etenim
373 2479 466 2548 longos
484 2477 595 2532 memini
613 2493 771 2533 consumere
787 2477 865 2545 scies,

134 2557 171 2610 nt
187 2559 279 2610 tecum
294 2555 397 2625 primas
415 2555 501 2625 epulis
521 2555 671 2626 decerpere
687 2558 787 2609 noctes

134 2633 228 2687 Unum
245 2649 313 2703 opus
330 2635 361 2686 et
378 2633 500 2702 requiem
519 2633 623 2702 pariter
640 2631 809 2702 disponimus
826 2631 912 2695 ambo,

135 2711 229 2778 Atque
245 2708 399 2764 verecunda
416 2709 538 2764 laxamus
556 2709 627 2764 seria
643 2725 743 2764 meuse.

134 2787 196 2841 Non
213 2785 342 2855 equidem
359 2785 411 2840 hoc
430 2785 546 2853 dubites
565 2785 706 2840 amborum
722 2781 834 2840 foedere
852 2792 925 2832 certo
954 2799 979 2835 ss

134 2863 294 2918 Consentire
313 2863 372 2918 dies
390 2867 419 2918 et
437 2863 473 2916 ab
490 2879 544 2916 uno
562 2861 652 2917 sidere
670 2862 744 2918 duci:

135 2939 236 2991 Nostra
252 2938 296 2991 vel
314 2938 422 3010 aequali
440 2937 585 3006 suspendit
602 2942 728 3004 tempora
746 2935 828 2989 Libra

135 3012 221 3064 Parca
238 3015 322 3066 tenax
339 3014 405 3078 veri,
425 3031 474 3068 seu
490 3016 557 3068 nata
575 3011 702 3066 fidelibus
719 3011 786 3064 hora

135 3085 241 3138 Dividit
258 3087 286 3138 in
305 3088 433 3150 Geminos
451 3087 595 3140 concordia
612 3087 670 3140 fata
687 3087 811 3160 duopum,

136 3161 338 3224 Saturnumque
354 3173 466 3223 gravem
484 3165 580 3220 nestro,
593 3160 662 3232 Joyc
680 3161 828 3230 frangimus
841 3179 912 3218 iuna:
950 3179 973 3219 so
