2164 3536
138 89 186 152 rt*
380 101 412 149 n.
430 99 539 150 eonii
557 101 767 154 Jornnnnrs

137 187 239 257 Surget
248 190 287 260 et
304 185 444 256 algentem
463 189 552 258 rapiet
570 191 694 245 coenatio
712 192 807 248 solerii.
828 217 839 248 ,·
859 201 877 244 .’

138 265 347 335 Quanticunque
365 263 462 318 domus
480 265 571 320 veniet
589 267 636 335 qui
653 268 758 323 fercula
775 269 860 326 docte

136 340 298 418 (lomponst,
317 341 410 396 reniet
429 342 478 412 qni
495 342 678 412 pulmentaria
697 344 806 404 condat
967 362 1002 404 1⁸⁵

135 416 199 472 Hos
217 416 291 472 inter
309 421 416 473 sumtus
434 419 562 474 sestertia
581 419 750 484 Quintiliano

134 492 179 550 Ut
196 495 315 549 multum
333 495 388 549 duo
407 495 556 552 sufficient:
579 513 624 552 res
641 496 717 551 nulla
734 498 849 554 minoris

135 569 286 627 Constabit
304 571 378 641 patri
396 589 480 642 quem
498 572 578 628 filius.
611 572 695 628 Unde
713 572 799 643 igitur
816 579 862 631 tot
927 629 928 634 ,

137 646 321 711 Quintilianus
338 646 423 703 habet
440 647 543 704 saltusl
578 649 713 720 Exempla
731 666 865 707 novorum

137 722 270 780 Fatorum
289 725 382 780 tranei
420 725 499 780 Felix
517 729 548 780 et
563 726 658 796 pulcer
676 729 706 783 et
724 744 808 796 coen

137 799 217 858 Felix
236 795 267 856 et
286 802 393 871 sepiens
413 804 443 855 et
461 802 561 856 nobilis
580 807 610 858 et
627 811 784 873 generosus,

137 877 306 948 Appositam
325 878 421 946 nigrae
440 878 532 932 lunam
552 879 674 936 subtexit
694 881 803 948 alutae;

137 953 217 1010 Felix
238 957 331 1008 orator
346 971 455 1024 quoque
474 955 609 1010 maximus
628 960 658 1011 et
672 956 826 1026 joculator3

136 1029 175 1086 Ft
193 1031 217 1086 si
235 1029 370 1101 perfrixit,
391 1033 485 1086 cantat
502 1031 580 1088 bene.
617 1033 711 1088 Distat
730 1033 804 1088 enim
823 1050 896 1102 quae

136 1106 235 1163 Sidera
254 1111 284 1162 te
303 1107 443 1177 excipiant
461 1107 543 1162 modo
561 1108 663 1178 primos
682 1109 863 1178 incipientem
966 1127 1003 1166 roe

136 1183 229 1247 Edere
248 1183 358 1253 vagitus
377 1187 407 1238 et
426 1183 516 1239 adhuc
535 1189 659 1240 amatre
680 1184 835 1242 rubentem.

136 1259 167 1316 Si
186 1261 310 1316 Fortuna
329 1261 403 1316 rolet
422 1261 472 1316 ties
493 1261 529 1316 de
548 1261 659 1316 rhetore
682 1261 818 1328 (lonsul;¹

137 1337 166 1392 Si
183 1337 257 1392 volet
275 1337 344 1392 haee
362 1339 461 1393 eedem
482 1338 532 1392 lies
544 1337 726 1394 'deOonsule
745 1337 847 1394 rhetor.

135 1412 285 1470 Ventidius
303 1413 372 1484 quid
390 1415 481 1470 enimi
501 1413 570 1484 quid
588 1414 711 1470 ihlliusl
729 1431 801 1470 enne
819 1414 898 1472 alind
915 1401 1007 1485 qnam'

137 1490 220 1546 Sidus
238 1494 268 1546 et
287 1491 387 1566 occulti
406 1491 532 1546 mirande
551 1493 676 1560 potentia
693 1492 761 1548 latii
963 1509 998 1548 coo

137 1567 229 1622 Servis
246 1583 332 1636 regna
351 1567 464 1635 dabunt,
484 1567 599 1638 captivis
617 1567 678 1622 fata
696 1567 859 1638 triumphos.

136 1642 218 1699 Felix
236 1643 283 1698 ille
300 1647 395 1698 tamen
413 1661 494 1700 corvo
513 1661 621 1714 quoque
639 1644 729 1712 ren‘or
747 1643 815 1700 elbo.

137 1719 278 1776 Poenituit
294 1719 397 1774 multos
416 1737 502 1775 vanae
521 1721 677 1791 sterilisque
697 1719 853 1788 cathedrae,

137 1795 215 1851 Siout
231 1795 426 1870 ⁴Thresymochi
445 1796 544 1866 probet
563 1797 653 1851 exitus
671 1801 757 1867 atque
776 1795 897 1852 Secundi

137 1872 287 1928 Garinntis:
312 1871 433 1928 etimne
452 1872 562 1944 inopem
580 1873 696 1942 vidistis,
716 1873 852 1940 Athenae,
960 1887 998 1928 mo

112 1943 115 1951 ’
136 1947 185 2004 Nil
204 1952 317 2018 praeter
334 1949 440 2019 gelidas
458 1965 541 2004 arnae
560 1949 683 2004 conferre
702 1950 811 2006 cicutas.

137 2025 174 2080 Di
191 2025 326 2096 majorum
343 2026 447 2080 umbris
466 2030 577 2081 tenuem
596 2029 626 2080 et
637 2027 703 2097 ¹sine
723 2025 845 2097 pondere
863 2028 969 2084 terram
1060 2065 1061 2092 ,

136 2101 333 2172 spirantesque
352 2119 444 2158 crocos
463 2105 493 2158 et
510 2103 540 2158 in
558 2119 627 2158 urna
645 2107 809 2172 perpetuum
827 2119 887 2170 ver,-

137 2177 191 2243 Qui
208 2175 415 2249 praeceptorem
433 2179 522 2235 sancti
540 2179 651 2236 voluere
670 2179 791 2249 parentis

135 2253 206 2310 Fsse
224 2255 290 2310 loco.
328 2255 455 2310 Metuens
474 2256 567 2326 virgeo
583 2255 644 2325 jam
663 2255 776 2326 grandis
795 2254 919 2312 Achilles
957 2270 994 2312 no

135 2331 274 2387 (tentabat
292 2331 388 2402 potriis
407 2333 435 2386 in
454 2334 608 2400 montibus3
631 2337 661 2388 et
678 2333 722 2387 cui
741 2348 794 2386 non
813 2335 881 2388 tunc

136 2407 257 2463 illiceret
275 2409 361 2462 risum
380 2407 532 2463 citharoedi
551 2409 638 2464 cauda
656 2407 798 2476 magistril
829 2437 831 2442 .

135 2482 192 2540 Sed
212 2483 315 2538 Rufum
334 2487 418 2552 atque
436 2485 504 2539 nlios
526 2485 617 2540 coedit
636 2502 684 2538 sua
700 2500 837 2554 quemque
850 2482 991 2552 juventus,
1060 2515 1061 2524 κ

135 2557 240 2618 Rufum
257 2561 304 2630 qui
322 2561 405 2616 toties
424 2561 581 2616 Ciceronem
600 2562 751 2630 Allobroga
767 2559 846 2616 dixit.

171 2635 237 2702 Quis
248 2634 353 2706 gremio
365 2637 496 2692 Flnceladi
508 2638 637 2706 doctique
651 2636 819 2692 Palaemonis
830 2636 912 2691 affert
955 2651 991 2691 ass

135 2710 276 2778 Quantum
287 2713 484 2782 grammaticus
492 2714 592 2769 eremit
604 2713 697 2768 labori
714 2716 847 2768 ettamen
858 2729 893 2766 ex
904 2711 967 2767 hoc·

21 2841 25 2864 ,
136 2788 325 2861 Quodcunque
341 2794 385 2845 est
397 2789 497 2859 (minue
508 2793 654 2846 ostentam
667 2788 878 2858 quemrhetoris
890 2789 966 2856 aera)

135 2864 271 2935 Discipuli
288 2869 381 2922 custos
398 2867 574 2937 praemordet
592 2869 785 2922 Aooenonetus

136 2941 175 2995 Ft
193 2941 242 3010 qui
260 2941 403 3011 dispensat
423 2943 526 3011 trangit
541 2942 603 2998 sibi.
640 2941 724 3009 (ledo,
743 2941 897 3007 Palaemon,

72 3056 74 3060 .
136 3015 282 3083 Ittpatere
292 3015 357 3070 inde
368 3015 473 3085 aliquid
484 3018 649 3084 decrescere,
660 3033 715 3075 non
728 3017 808 3072 aliter
819 3033 903 3086 quem
953 3031 990 3072 ano

137 3089 254 3144 Institor
271 3089 401 3144 hibernae
419 3092 522 3159 tegetis
540 3093 667 3160 niveique
685 3091 812 3157 cadurci3

136 3163 298 3220 Dummodo
309 3178 365 3222 non
381 3168 478 3237 percat
495 3165 603 3224 mediae
620 3166 696 3238 quod
712 3166 800 3222 noetis
818 3165 854 3238 ab
872 3165 963 3238 hora„
1060 3223 1061 3238 r
