2164 3536
97 199 99 206 Α
136 133 169 182 ol
377 131 410 180 D.
427 129 534 180 JUNII
550 128 762 182 JUVENALIS

135 218 251 275 Erexit:
271 217 557 278 cimasqdiseriminis
575 221 660 287 atque
677 218 780 274 laboris
835 220 841 228 '

136 295 207 350 Inde
227 294 333 355 habuit.
367 295 457 350 Tanto
473 293 565 364 major
583 295 675 351 famae
689 297 750 352 sitis
766 301 809 353 est
827 315 912 368 quam
957 313 997 356 111

135 372 262 428 Virtutis.
298 372 457 438 Quisenim
473 374 604 428 virtutem
623 373 916 446 amplectitur'ipsam,

135 448 263 504 Praemia
282 451 305 504 si
324 449 421 506 tolla-si
458 449 580 504 Patriam
598 453 692 506 tamen
713 451 805 505 obruit
823 451 888 508 olim

136 525 230 580 Gloria
248 543 403 598 paucorum,
423 531 453 582 et
468 526 558 581 laudis
577 527 707 596 titulique
727 527 827 598 cupido

135 602 255 657 Haesuri
274 605 346 658 saxis
366 603 488 657 cinerum
507 602 672 672 custodibus,
691 603 728 658 ed
747 620 818 673 quae
1066 583 1067 626 l

135 677 322 734 Discutienda·
334 679 427 734 valent
446 679 548 733 sterilis
566 679 639 733 mala
656 680 757 734 robora
774 679 851 749 111111,
954 695 992 738 141

136 755 362 824 Quandoquidem
382 756 448 810 data
463 759 528 810 sunt
546 756 612 826 ipsis
631 772 741 826 quoque
759 757 818 810 iata
836 757 978 828 sepulcris

134 831 275 904 expende,
289 832 489 900 Hannibalem
512 837 580 900 quot
600 831 684 886 libras
698 833 728 886 in
747 832 818 887 duce
836 849 943 889 summo

135 908 278 964 Invenieai
297 909 341 964 hic
360 913 403 964 est
422 927 504 979 quem
520 925 575 963 non
594 909 668 978 capit
687 908 785 964 Africa
803 909 903 962 Maure

135 985 267 1042 Percussa
284 986 395 1040 Oceano
414 987 532 1056 Niloque
549 985 661 1040 admota
678 985 794 1054 tepenti,

136 1061 240 1117 Rursus
259 1063 296 1118 ad
313 1063 482 1132 Aethiopum
490 1062 611 1139 ¹populos
627 1062 751 1132 altosque
768 1061 936 1131 elephantos
952 1077 991 1118 leo

134 1139 259 1195 Additur
278 1140 400 1209 imperiis
420 1139 566 1208 Hispania:
593 1137 765 1207 Pyrenaeum

35 1261 38 1268 .
134 1213 277 1272 Transilit:
300 1215 428 1286 opposuit
446 1218 547 1270 natura
566 1215 721 1286 Alpemque
740 1214 899 1284 niuemqu03
951 1226 955 1234 '

134 1291 248 1348 Diducit
268 1294 392 1363 scopulos
410 1296 441 1348 et
460 1295 581 1346 montem
600 1293 703 1363 rumpit
721 1296 806 1348 aceto.

134 1368 154 1422 J
155 1384 199 1423 am
218 1373 296 1424 tenet
315 1370 440 1434 ltaliam
463 1373 557 1424 tamen
573 1369 647 1424 ultra
663 1385 778 1438 pergere
796 1368 901 1425 tendit:

142 1483 143 1488 1
169 1445 317 1513 “Actum''
327 1447 417 1515 inquit
428 1445 515 1501 “nihil
527 1449 577 1513 est,
586 1447 637 1500 nisi
648 1446 739 1500 Poeno
746 1445 834 1500 milite
844 1447 941 1516 portas
951 1459 988 1500 ros

133 1521 298 1592 Frangimus
316 1525 346 1576 et
364 1521 456 1576 media
475 1522 605 1577 vexillum
624 1539 695 1591 pono
713 1519 860 1577 Suburae?

133 1597 158 1652 0
177 1598 265 1668 qualis
283 1599 366 1654 iacies
386 1603 416 1653 et
435 1597 510 1669 quali
529 1598 612 1668 digna
630 1598 740 1668 tabella,

134 1677 224 1742 Quum
244 1675 362 1731 (laetula
381 1676 478 1730 ducem
497 1678 622 1744 portaret
640 1675 730 1730 bellua
747 1676 866 1730 luscum!

132 1751 231 1806 Exitus
251 1769 317 1822 ergo
337 1752 399 1821 quis
418 1753 478 1807 esti
511 1751 536 1806 O
555 1751 657 1821 gloria!
682 1752 800 1806 vincitur
817 1750 894 1806 idem

133 1828 240 1900 Nempe
258 1830 333 1884 etin
352 1829 484 1882 exsilium·
496 1844 628 1899 praeceps
646 1829 718 1897 fugit
740 1831 826 1896 atque
847 1826 888 1882 ibi
909 1843 985 1897 mag·

200 1922 252 1962 nus
948 1919 985 1959 111
1066 1945 1067 1960 2

132 1982 331 2052 Mirandusque
349 1982 433 2037 cliens
453 1983 532 2038 sedet
552 1982 589 2037 ad
607 1981 746 2052 praetoria
763 1981 845 2050 regis,
1066 1965 1067 2028 l

132 2061 226 2115 Donec
245 2059 364 2129 Bithyno
382 2058 468 2114 libeat
486 2059 599 2128 vigilare
617 2062 740 2128 tyranno.

132 2137 228 2192 Finem
247 2136 352 2190 animae
371 2152 442 2206 quae
461 2152 506 2190 res
523 2135 654 2190 humanas
671 2135 781 2190 miscuit
799 2134 864 2189 olim

132 2213 194 2268 Non
213 2212 305 2283 gladii,
323 2229 378 2266 non
398 2229 465 2266 saxa
483 2211 596 2280 dabunt,
614 2228 665 2266 nec
683 2211 756 2278 tela3
779 2211 829 2266 sed
845 2211 893 2267 ille

132 2289 286 2346 Cannarum
301 2288 402 2342 vindex
421 2291 451 2342 et
469 2288 541 2342 tanti
560 2289 697 2356 sanguinis
715 2288 796 2357 ultor,
947 2301 982 2342 111

131 2441 172 2496 Ut
190 2441 284 2512 pueris
301 2440 410 2509 placeas
426 2444 455 2494 et
474 2438 637 2494 declamatio
655 2441 713 2495 fias.

130 2517 209 2572 Unus
228 2517 338 2571 Pellaeo
352 2515 449 2585 juveni
467 2532 522 2570 non
541 2515 640 2570 suffieit
659 2515 747 2584 orbis3

131 2596 252 2650 Aestuat
270 2593 365 2654 infelix
385 2596 502 2662 angusto
518 2592 606 2647 limite
625 2592 728 2660 mundi,

131 2669 171 2725 Ut
190 2670 273 2740 Gyari
292 2669 398 2724 clausus
417 2668 532 2739 scopulis
551 2685 690 2738 parvaque
708 2667 833 2739 Seripho.
944 2683 980 2726 1⁷⁰

131 2747 221 2814 Quum
240 2750 334 2802 tamen
352 2763 369 2800 a
387 2745 478 2815 figulis
496 2746 631 2801 munitam
649 2746 795 2800 intraverit
812 2743 917 2813 urbem,

129 2823 303 2894 Sarcophago
322 2825 468 2877 contentus
486 2823 545 2877 erit.
582 2823 658 2876 Mors
676 2823 734 2876 sola
752 2822 857 2876 letetur

130 2901 268 2966 Quantula
287 2901 343 2954 sint
360 2899 501 2954 hominum
518 2900 684 2970 corpuscula
722 2897 853 2953 creditur
869 2897 934 2952 clim

129 2976 288 3030 velficata
308 2975 406 3042 Athos,
424 2979 454 3028 et
473 2976 608 3044 quidquid
628 2976 742 3030 Graecia
760 2974 880 3028 mendax
1066 3019 1067 3026 ,

129 3049 227 3104 Audet
246 3050 275 3102 in
294 3049 421 3113 historia;
444 3055 612 3104 constratum
632 3050 763 3104 elassibus
781 3050 870 3104 isdem
943 3062 980 3107 uo
1066 3037 1067 3064 ¹

129 3124 360 3192 Suppositumque
379 3125 448 3177 rotis
467 3124 584 3179 solidum
600 3141 691 3191 maro;
713 3125 852 3181 credimus
868 3124 942 3181 altos

129 3197 269 3254 Deieeisse
284 3211 379 3252 amnes
396 3201 534 3268 epotaque
551 3201 663 3255 flumina
679 3200 762 3256 Medo

132 2365 266 2420 Annulus.
302 2364 325 2432 I,
345 2363 464 2432 demens,
481 2367 510 2418 et
528 2381 622 2418 saevas
641 2381 720 2419 curre
738 2381 789 2433 per
806 2363 902 2435 Alpes,
