2164 3536
436 116 619 191 sanasx.
679 119 729 162 .·
789 123 792 130 ·
927 124 954 176 n

106 210 198 266 Pauca
215 209 281 264 licet
298 209 392 278 portes
410 207 518 275 argenti
530 206 729 275 vasculapuri,
788 209 792 214 “
824 210 829 220 “

103 286 194 341 Nocte
211 285 266 340 iter
282 285 428 352 ingressus,
446 282 566 352 gladium
584 286 748 352 contumque
766 282 875 339 timebis
932 303 962 342 ao

103 364 142 417 Ilt
159 365 251 416 motae
269 361 305 414 ad
323 361 415 414 lunam
434 359 585 429 trepidabis
603 358 743 413 arundinis
761 359 903 416 umbram:
961 403 963 412 ,

104 437 235 494 Oantabit
252 453 353 492 vacuus
368 453 461 511 ‘coram
479 436 586 490 latrone
603 437 700 491 viator.

103 515 198 569 Pn‘ma
215 514 273 568 fere
290 517 356 567 vota
374 515 403 566 et
420 513 526 566 cunctis
544 513 688 568 notissima
705 512 834 584 templis.

103 591 231 658 Divitiae,
252 592 377 644 crescant
395 591 428 642 ut
446 605 518 658 opes,
536 593 569 643 ut
586 591 706 644 maxima
723 593 800 646 1111

104 667 207 722 Nostra
224 632 291 721 ’sir
279 665 518 720 aminadad
535 665 610 720 nulla
627 667 736 721 aconita
753 666 854 724 bibunt
841 670 888 723 tur
930 683 954 724 11

103 744 264 798 Fictilibus:
282 746 348 796 tunc
365 742 413 796 illa
430 743 505 810 time,
523 759 608 810 quum
626 743 724 814 pocula
741 760 832 799 sumes

103 819 250 875 Gemmata
267 809 297 874 et
313 819 371 873 lato
390 818 446 872 Set‘
426 821 514 872 tinum
533 818 667 872 ardebit
631 823 688 872 1ιιι
706 836 780 875 auro,
959 867 961 874 .

137 897 238 951 Jamne
254 897 339 964 igitur
355 895 459 962 laudas,
472 895 547 965 quod
565 895 601 948 dc
619 895 788 965 sapientibus
806 896 879 952 alter

103 972 225 1027 Ridebat
244 973 350 1042 quoties
368 971 403 1025 de
421 971 514 1026 limine
531 975 655 1026 moverat
672 988 756 1026 unum

102 1049 315 1119 Protuleratque
332 1048 441 1120 pedem,
454 1047 539 1102 flebat
556 1049 708 1102 contrarius
726 1049 816 1105 alterl
928 1064 953 1106 eo

103 1125 160 1181 Sed
176 1125 262 1180 facilis
281 1126 365 1180 cuivis
384 1125 467 1194 rigidi
485 1141 597 1190 censura
615 1125 738 1179 cachinni
749 1145 763 1192 ;⁴

102 1202 259 1256 Mirandum
279 1205 321 1256 est
340 1201 415 1256 unde
433 1201 480 1254 ille
502 1201 585 1256 oculis
607 1199 746 1256 suffecerit
767 1202 870 1258 humor.
951 1249 953 1254 .

102 1279 240 1349 Perpetuo
258 1279 316 1333 risu
333 1278 490 1348 pulmonem
509 1277 615 1346 agitare
632 1277 738 1332 solebat

74 1373 80 1388 ·
101 1355 282 1418 Democritus,
295 1366 451 1426 quanquam
468 1371 523 1408 non
541 1357 633 1408 essent
650 1353 765 1409 urbibus
782 1356 836 1411 illis

101 1431 252 1486 Praetexta
270 1435 300 1486 et
316 1430 439 1500 trabeae,
450 1431 546 1500 fasces,
557 1431 663 1498 lectica,
675 1431 801 1487 tribunal
927 1448 952 1490 11

102 1507 175 1574 Quid
191 1509 215 1568 si
232 1508 345 1563 vidisset
363 1508 523 1562 Praetorem
542 1505 666 1561 curribus
684 1508 747 1562 altis

101 1585 272 1653 Exstantem,
285 1588 315 1640 et
332 1585 424 1640 medio
441 1583 586 1640 sublimem
604 1584 633 1637 in
651 1585 764 1653 pulvere
783 1585 862 1654 Circi,
943 1633 947 1640 .

101 1661 135 1715 In
153 1662 245 1716 tunica
262 1662 282 1716 J
283 1663 348 1730 ovis,
358 1667 388 1716 et
406 1663 498 1732 pictae
517 1661 635 1715 Sarrana
652 1661 787 1715 ferentem

78 1785 81 1792 .
100 1737 143 1791 lix
158 1737 280 1792 humeris
299 1739 395 1792 aulaea
413 1743 502 1808 togae,
515 1753 684 1806 magnaeque
702 1755 818 1794 coronae

99 1813 217 1870 Tantum
235 1817 328 1870 orbem
348 1820 451 1884 quanto
470 1815 563 1870 cervix
581 1832 635 1869 non
652 1815 751 1869 sufficit
769 1816 845 1873 ullal
925 1831 951 1873 so
1046 1841 1047 1846 ¹

99 1889 206 1961 Quippe
223 1895 302 1946 tenet
319 1892 419 1946 sudans
437 1893 507 1946 hanc
525 1893 650 1964 publicus
668 1896 697 1946 et
714 1892 766 1946 sibi
784 1888 894 1947 Consul

98 1967 143 2022 Ne
159 1967 267 2038 placeat
278 1985 359 2022 curru
377 1986 471 2024 servus
489 1973 617 2039 portatur
634 1969 742 2025 eodem.

97 2044 142 2098 Da
158 2061 231 2099 nunc
249 2048 278 2100 11
295 2045 432 2100 volucrem
451 2051 559 2115 sceptro
578 2063 649 2116 quas
667 2047 756 2114 surgit
773 2047 885 2114 eburno,

97 2120 177 2175 Illinc
194 2122 350 2190 cornicines,
364 2122 427 2176 hinc
445 2121 639 2192 praecedentia
657 2123 730 2191 longi

97 2197 225 2266 Agminis
243 2197 337 2267 officia,
356 2202 386 2252 11
402 2199 495 2252 niveos
514 2199 550 2252 ad
567 2198 663 2253 fraena
681 2199 804 2263 Quirites
924 2215 948 2256 45

97 2272 213 2328 Detossa
230 2274 259 2328 in
276 2275 372 2330 loculis
391 2291 459 2344 quos
479 2274 602 2345 sportula
619 2276 685 2329 fecit
702 2277 811 2331 amicos.
854 2309 856 2316 =

97 2349 166 2404 'lum
184 2367 292 2420 quoque
310 2353 456 2406 materiam
474 2353 544 2404 risus
562 2351 667 2406 invenit
684 2352 721 2406 ad
739 2369 832 2408 omnes

97 2426 231 2482 Occursus
249 2427 488 2497 hominum,·cujus
500 2428 649 2497 prudentia
667 2431 803 2482 monstrat

96 2502 221 2558 Summos
239 2521 320 2574 posse
338 2505 410 2559 uiros
430 2509 459 2558 et
476 2521 575 2572 magna
592 2505 718 2573 exempla
737 2503 851 2559 daturos

96 2579 248 2634 Vervecum
266 2581 294 2639 in
311 2581 403 2651 patria
420 2597 567 2650 crassoque
586 2580 637 2634 sub
655 2597 719 2634 aero
736 2581 818 2636 nasci
923 2595 946 2636 so

97 2653 218 2710 Ridebat
235 2673 314 2712 curas
332 2673 382 2712 nec
399 2675 453 2712 non
472 2661 501 2710 et
518 2656 620 2725 gaudia
636 2657 718 2726 vulgi,

96 2731 241 2787 Interdum
260 2736 290 2788 et
307 2734 440 2802 lacrimas,
453 2750 537 2804 quum
551 2733 714 2787 Fortunae'
706 2749 765 2802 ipse
783 2733 882 2788 minaci

95 2807 240 2864 Mandarai
257 2810 386 2880 laqueum
405 2776 581 2878 mediumque
599 2809 758 2864 ostenderet
774 2825 908 2876 unguem:

94 2883 168 2954 Ergo
186 2901 354 2957 superuacua
372 2891 421 2942 aut
438 2888 591 2958 perniciosa
608 2891 748 2957 petuntur,

94 2960 213 3033 Propter
230 2980 301 3034 quae
318 2965 359 3018 fas
378 2967 421 3018 est
437 2979 527 3033 genua
544 2961 667 3017 incerare
685 2962 806 3017 deorum
920 2975 946 3018 tt

92 3037 231 3103 Quosdam
248 3041 413 3112 praecipitat
431 3039 557 3108 subjecta
573 3039 699 3109 potentia
716 3053 831 3111 magnae

92 3113 234 3182 Invidiae3
250 3117 352 3184 mergit
369 3117 451 3185 longa
468 3120 553 3185 atque
570 3115 681 3184 insignis
699 3115 832 3169 honorum
902 3117 904 3122 “

92 3190 212 3260 Pagina;
230 3191 401 3250 descendunt
419 3196 527 3248 'statuae
544 3196 700 3262 restemque
718 3193 878 3262 sequuntur.
