2164 3536
135 100 168 164 io
371 111 404 160 n.
422 109 529 160 nunu
546 108 757 160 Juvnnunrs

136 201 213 267 Quae
229 204 323 258 temen
341 199 406 256 indo
424 203 520 269 segeni
537 203 630 254 terrac
648 199 710 268 quis
726 199 833 254 fructus
849 199 1000 266 spernor

136 279 204 345 Quis
222 279 299 333 debit
316 278 453 345 historico,
471 279 604 346 quantum
623 275 702 330 duret
720 278 783 330 nete
797 275 919 341 legendi

143 377 145 388 ⁴
170 354 247 409 “Sed
259 371 345 422 genus
356 354 484 422 ignavum
496 351 572 422 quod
583 353 655 407 lcoto
666 349 769 420 gendm
780 353 810 404 et
821 350 942 408 umbr2.”
957 366 995 406 ros

134 429 187 485 Dic
202 431 288 499 igitur
306 429 372 498 quid
389 429 535 484 causidicis
554 428 645 482 civilia
661 429 803 496 praestent

135 505 232 561 Officia
250 510 279 561 et
295 523 394 575 magno
413 506 526 560 comites
544 505 572 558 in
590 505 663 558 fusce
680 503 782 558 libellii

136 582 195 651 Ipsi
213 599 311 651 magno
329 590 433 649 sonant,
452 583 501 636 scd
518 587 584 636 turre
602 597 687 650 quum
705 579 827 636 creditor
841 584 924 640 ondit

135 658 292 729 Praecipue,
310 658 352 712 vel
371 658 393 711 si
411 657 505 726 tetigit
521 657 594 711 letus
612 657 700 712 uerior
716 657 763 711 illo

135 733 189 798 Qui
206 735 279 788 venit
296 733 333 788 ed
351 733 463 790 dubium
480 733 579 802 grnndi
596 749 658 788 curn
676 733 769 789 codice
785 750 892 792 nomen
958 751 994 790 rro

133 810 210 864 'Innc
228 811 360 863 immense
377 810 436 863 ceri
454 810 561 878 spirant
579 809 722 866 mendacin
739 809 817 868 inlice

135 885 355 956 conspuiturque
373 887 454 940 siuns
490 886 592 940 Veram
610 884 781 954 deprendere
797 903 915 944 monem

135 961 164 1017 si
179 962 254 1030 libet,
272 963 335 1015 irinc
352 968 462 1016 contum
479 963 643 1032 patrimonio
659 962 864 1030 causidicorum,

124 1039 219 1094 'Parte
236 1039 289 1092 siin
306 1039 393 1092 solum
411 1039 512 1092 russati
529 1055 601 1107 pone
619 1039 763 1094 Lacernae.

135 1113 291 1170 Consedere
309 1115 411 1168 Duces:
432 1115 520 1182 surgis
537 1119 571 1168 tu
586 1115 705 1185 pallidus
722 1113 798 1183 Ajax
957 1133 993 1174 115

134 1191 265 1247 Dicturus
283 1191 367 1244 dubie
383 1208 433 1261 pro
450 1191 581 1246 libertate
598 1191 716 1246 bubulco

132 1268 240 1323 iudice.
275 1268 386 1337 Rumpe
404 1268 487 1322 miser
503 1273 611 1324 tensum
624 1267 711 1337 jecur,
728 1272 760 1324 nt
771 1267 832 1324 ribi
847 1269 922 1326 lasso

133 1344 269 1414 Figautur
285 1345 387 1398 virides
406 1345 540 1400 scelernm
557 1345 644 1414 glorie
660 1345 774 1414 pslmne.

134 1421 215 1487 Quod
231 1421 304 1475 vocis
321 1422 459 1490 pretinm?
477 1422 564 1476 siccus
581 1421 774 1491 petasunculus
790 1425 820 1476 et
834 1438 883 1476 res

133 1495 320 1567 Pelemydum,
337 1502 386 1552 aut
403 1502 511 1552 veteres
530 1498 660 1552 Afrorum
677 1497 812 1567 epimenia
829 1498 914 1566 bulbi,
954 1515 992 1556 reo

133 1575 194 1628 Aut
211 1575 302 1628 vinum
320 1574 412 1628 Tiberi
430 1574 583 1641 devectum,
601 1575 722 1644 quinque
739 1573 858 1642 ingenue,

133 1649 163 1704 Si
182 1653 280 1720 quator
295 1651 383 1718 egisti.
420 1650 448 1704 Si
465 1651 581 1718 contigit
599 1665 697 1706 oureus
713 1666 791 1718 unus,

132 1726 205 1782 Inde
222 1726 325 1781 cadunt
342 1730 436 1798 portes
454 1741 489 1780 ex
506 1726 617 1780 foedere
635 1725 873 1795 pragmaticorum.

133 1803 253 1858 Aemilio
270 1803 381 1857 debitur
399 1806 532 1872 quantum
549 1803 625 1872 libet,
643 1806 673 1857 et
690 1802 788 1858 melius
802 1819 850 1859 ros

131 1877 258 1948 Egimus:
273 1877 355 1948 hujus
373 1880 446 1934 enim
464 1882 521 1934 stat
538 1895 634 1933 currus
651 1895 758 1945 aeneus,
775 1878 824 1934 nni
916 1889 919 1896 ‘
954 1897 990 1936 ruo

133 1955 316 2025 Quadr‘ijuges
333 1956 361 2009 in
378 1955 528 2023 vestibulis,
547 1958 632 2024 etque
649 1956 708 2024 ipse
724 1955 805 2010 feroci

131 2031 272 2087 Bellatoro
289 2031 387 2087 sedens
404 2036 547 2087 curvatum
564 2031 665 2086 hastile
681 2031 800 2086 minetur

131 2107 245 2163 Eminus
262 2112 291 2163 et
308 2111 400 2162 status
416 2109 567 2162 meditatur
582 2108 688 2178 proelia
702 2107 784 2162 lusce.
907 2131 912 2142 ·

132 2183 179 2240 Sic
197 2185 272 2239 Pedo
290 2184 442 2250 conturbet,
461 2183 557 2238 Motho
576 2183 686 2250 deficit;
704 2183 796 2238 exitus
813 2183 859 2240 hio
875 2190 921 2242 est

131 2259 256 2330 Tongilli,
274 2277 373 2329 magno
390 2277 452 2331 cum
470 2261 642 2314 rhinocerote
658 2260 744 2314 levari
817 2299 821 2310 .
953 2280 988 2319 rso

133 2338 187 2404 Qui
204 2339 274 2394 solet
291 2340 320 2392 et
337 2340 421 2392 vexat
438 2337 575 2392 lutulenta
591 2336 690 2391 hainou
705 2337 798 2406 turbs,

132 2413 242 2484 Perque
259 2414 347 2468 forum
361 2414 477 2483 juvenes
494 2413 575 2482 longo
592 2413 695 2483 premit
712 2431 803 2468 assere
821 2414 927 2482 Medos,

131 2490 265 2546 Emturus
281 2505 388 2560 pueros,
407 2493 558 2560 argentum,
576 2490 705 2558 murrina,
722 2490 813 2556 viilus3

132 2566 256 2636 Spondet
273 2567 345 2620 enim
361 2566 445 2634 Tyrio
461 2565 587 2621 stratoria
603 2583 727 2637 purpure
743 2566 798 2622 iilo.

131 2641 170 2698 Et
187 2646 278 2697 tomen
295 2641 409 2696 estillic
426 2642 478 2698 hoo
495 2642 576 2697 utile:
594 2651 716 2713 purpure
733 2643 829 2698 vendit
930 2663 940 2694 π
950 2661 985 2699 ms

132 2719 313 2787 Causidicum,
331 2718 455 2774 venduut
471 2719 665 2787 amethystina:
682 2720 810 2776 convenit
825 2719 880 2774 iliis

131 2796 169 2852 nt
186 2795 351 2865 strepitust
368 2793 565 2868 fnoiemejoris
581 2795 673 2850 vivere
690 2812 794 2850 census.

132 2871 188 2928 Sed
204 2872 287 2926 finem
303 2871 445 2941 imponens
461 2887 516 2926 non
534 2875 626 2926 servet
643 2871 759 2940 prodige
777 2873 872 2928 Romu

132 2947 257 3003 Fidimus
274 2946 399 3015 cloquio?
434 2947 560 3002 ciceroni
576 2963 656 3002 nemo
674 2947 806 3004 ducem

132 3023 213 3078 Nunc
231 3020 340 3074 dederit
355 3037 482 3075 nurmnor
498 3021 550 3074 nisi
565 3021 672 3076 fulserit
688 3023 803 3078 annulus
820 3025 925 3092 ingens.
946 3039 983 3082 rso

132 3095 256 3165 Respicit
272 3095 341 3148 haee
356 3096 475 3164 primum
493 3097 545 3165 qni
556 3095 657 3165 litigas,
674 3114 709 3151 sn
726 3097 780 3152 tibi
795 3101 867 3155 servi

133 3171 211 3240 Octo,
225 3169 323 3226 vdecem
339 3171 461 3240 comites,
477 3187 513 3226 nn
529 3175 592 3242 post
609 3176 638 3228 te
654 3173 729 3243 sollo,
744 3175 832 3244 togati
