2164 3536
123 133 154 183 52
359 129 390 177 D.
407 125 514 178 JUNII
530 125 741 178 JUVENALIS

123 219 214 285 Quum
232 216 322 272 Pansa
339 215 438 285 eripiat
456 214 591 284 quidquid
607 215 660 269 tibi
678 216 765 271 Natta
782 217 912 288 reliquit?
954 233 980 274 as

122 293 298 360 Praeconem,
318 290 479 360 Chaerippo,
498 292 555 344 tuis
572 291 749 362 circumspice
766 294 871 362 pannis,

120 371 241 438 Jamque
257 373 334 424 tace:
352 367 429 421 furor
446 371 489 422 est
506 371 570 436 post
588 369 679 423 omnia
696 369 812 438 perdere
830 371 952 428 namnum

121 447 148 500 N
149 463 184 500 on
201 445 276 500 idem
293 443 412 514 gemitus
429 443 494 497 olim
511 459 601 513 neque
618 446 716 500 vulnus
734 451 795 500 erat
811 463 863 516 par

121 522 297 589 Damnorum,
315 519 395 575 sociis
413 519 575 574 florentibus
593 524 623 575 et
638 521 722 575 modo
739 522 826 577 victis

120 598 206 653 Plena
224 597 321 652 domus
338 601 405 652 tunc
424 597 518 664 omnis,
537 601 568 651 et
584 598 680 667 ingens
698 598 791 654 stabat
807 616 923 656 acervus
941 615 978 657 roo

120 672 307 740 Nummonrm,
327 674 463 744 Spartana
480 673 608 744 chlamys,
626 675 765 744 conchylia
783 675 847 744 (loa,

119 750 235 806 Etcum
254 749 394 804 Parrhasii
410 747 513 804 tabulis
531 750 668 820 signisque
686 751 809 820 Myronis

119 826 280 882 Phidiacum
297 825 411 880 vivebat
428 825 511 892 ebur;
535 843 585 880 nec
602 843 655 881 non
674 827 806 897 Polycleti

119 903 223 956 Multus
242 901 345 970 ubique
362 901 455 966 labor;
480 918 559 956 rarae
575 903 633 958 sine
651 905 780 960 Mentore
797 922 915 961 mensae.

119 977 189 1032 Inde
201 977 344 1032 Dolabella
361 980 404 1031 est
422 982 506 1046 atque
524 978 586 1032 hinc
604 981 751 1050 Antonius,
769 981 834 1035 inde
938 995 976 1038 105

117 1054 269 1123 Sacrilegus
287 1053 403 1108 Verres:
428 1054 584 1109 referebant
599 1056 715 1110 navibus
732 1057 795 1112 altis

117 1130 233 1186 Occulta
251 1130 337 1200 spolia
354 1133 384 1183 et
401 1130 494 1200 plures
511 1130 547 1183 de
563 1147 632 1200 pace
650 1133 812 1202 triumphos.

117 1208 142 1262 N
144 1224 197 1263 unc
215 1207 296 1262 sociis
310 1205 380 1276 juga
397 1223 486 1278 pauca
504 1206 594 1276 boum,
612 1225 682 1277 grex
699 1226 799 1280 parvus
816 1227 950 1280 equarum

117 1284 154 1340 Et
171 1288 253 1356 pater
270 1283 389 1338 armenti
407 1287 489 1353 capto
507 1283 640 1354 eripietur
658 1286 757 1355 agello;

116 1361 175 1430 Ipsi
193 1361 293 1416 deinde
312 1361 403 1428 Lares,
422 1360 445 1414 si
463 1360 537 1430 quod
555 1361 704 1431 spectabile
723 1363 837 1432 signum,
935 1379 974 1418 uo

115 1437 145 1493 Si
163 1439 223 1507 quis
241 1438 270 1492 in
288 1437 412 1492 aedicula
430 1436 498 1491 deus
515 1437 618 1491 unicus.
656 1438 733 1492 Haec
751 1440 852 1493 etenim
870 1441 936 1494 sunt

115 1516 169 1569 Pro
188 1515 307 1581 summis,
326 1531 389 1568 nam
407 1517 471 1568 sunt
489 1513 556 1568 haec
573 1515 698 1569 maxima
734 1511 875 1586 Despicias
892 1519 922 1570 tu

115 1590 242 1645 Forsitan
259 1590 382 1645 imbelles
402 1589 524 1644 Rhodios
541 1594 705 1660 unctamque
724 1591 901 1647 Corinthum:

114 1667 255 1737 Despicias
273 1667 379 1722 merito.
416 1667 489 1733 Quid
506 1668 627 1722 resinata
639 1665 772 1736 juventus

12 1763 18 1780 r
114 1743 256 1816 cruraque
274 1744 359 1799 totius
376 1743 479 1800 facient
496 1743 548 1798 tibi
565 1743 636 1798 levia
652 1744 760 1812 gentis?
932 1761 971 1799 115

107 1820 237 1888 ¹Horrida
254 1821 368 1876 utenda
386 1823 429 1875 est
447 1820 589 1892 Hispania,
606 1819 727 1874 Gallicus
742 1818 802 1874 axis

113 1896 308 1967 Illyricumque
326 1898 411 1952 latus:
431 1913 513 1966 parce
531 1901 560 1950 et
578 1896 742 1950 messoribus
759 1897 819 1962 illis,
906 1923 909 1928 Δ

113 1973 167 2040 Qui
186 1977 312 2029 saturant
331 1973 436 2028 Urbem
457 1973 537 2028 Oirco
557 1989 709 2044 scenaeque
727 1976 879 2028 vacantem.

112 2049 221 2116 Quanta
239 2053 331 2114 autem
349 2049 414 2104 indo
432 2051 503 2104 feres
520 2054 577 2104 tam
596 2050 674 2104 dirae
691 2049 814 2120 praemia
829 2049 935 2120 culpae,

113 2127 203 2192 Quum
220 2131 317 2182 tenues
334 2143 423 2196 nuper
439 2127 545 2180 Marius
563 2125 724 2180 discinxerit
741 2125 842 2182 Afrosl
930 2143 969 2184 uro

112 2203 270 2258 Curandum
287 2202 421 2272 imprimis
438 2219 474 2257 ne
491 2219 590 2271 magna
606 2201 708 2271 injuria
724 2202 774 2257 fiat

112 2279 241 2336 Fortibus
260 2284 289 2334 et
300 2280 421 2335 miseris:
439 2279 519 2333 tollas
531 2279 596 2334 licet
607 2295 687 2334 omne
702 2279 777 2349 quod
787 2295 904 2350 usquam
921 2285 967 2338 est
1066 2279 1067 2286 '

114 2357 185 2411 Auri
202 2359 287 2425 atque
305 2355 420 2424 argenti,
438 2359 547 2410 scutum
563 2355 741 2426 gladiumque
758 2355 896 2425 relinques

111 2434 148 2489 Et
160 2431 254 2502 jacula
271 2436 301 2486 et
318 2433 436 2502 galeam:
461 2431 584 2502 spoliatis
601 2447 678 2486 arma
695 2437 850 2502 supersunt.

24 2521 32 2534 ¹
145 2508 225 2578 Quod
242 2508 324 2563 modo
341 2507 469 2578 proposui
487 2525 542 2562 non
560 2512 603 2563 est
620 2511 770 2564 sententia:
790 2525 886 2564 verum
928 2526 965 2566 uae

110 2587 223 2644 (iredite
241 2603 286 2640 me
303 2585 380 2640 vobis
397 2585 492 2640 lolium
508 2585 624 2640 recitare
643 2584 766 2654 Sibyllae,

109 2663 139 2718 ai
156 2662 209 2718 tibi
227 2666 321 2716 sancta
339 2661 435 2716 cohors
454 2662 592 2730 comitum,
611 2662 635 2715 si
653 2677 734 2716 nemo
751 2662 871 2718 tribunal

109 2739 216 2794 Vendit
236 2741 439 2806 Acersecomes,
460 2738 482 2792 si
502 2737 605 2791 nullum
624 2737 653 2792 in
671 2738 787 2808 conjuge
806 2739 916 2811 crimen,

109 2815 169 2870 Nec
186 2832 236 2885 per
255 2818 404 2868 conventus
423 2817 453 2868 et
472 2818 570 2869 cuncta
588 2831 639 2886 per
658 2815 762 2886 oppida
779 2816 870 2870 curris

109 2891 253 2960 Unguibus
271 2891 312 2944 ire
331 2894 412 2960 parat
430 2907 555 2946 nummos
574 2893 689 2960 raptura
707 2892 839 2957 Galacum
924 2907 964 2952 rso

112 2968 189 3022 Τιωο
207 2967 305 3020 licata
324 2965 389 3020 Pico
407 2981 534 3021 numeres
552 2983 646 3036 genus,
664 2968 775 3038 altaque
793 2967 817 3022 si
835 2971 865 3024 te

111 3041 230 3097 Nomina
249 3040 389 3095 delectant
407 3057 514 3096 omnem
534 3041 661 3096 Titanida
678 3059 798 3112 pugnam

110 3117 189 3172 Inter
206 3116 326 3184 majores
344 3115 488 3186 ipsumque
508 3118 672 3171 Promethea
690 3135 787 3186 ponas:

120 3193 153 3247 le
172 3205 334 3263 quocunque
354 3190 428 3246 voles
446 3207 578 3261 proavum
597 3190 649 3246 tibi
667 3193 769 3248 sumito
786 3191 865 3254 libro.
