<?xml version="1.0" encoding="UTF-8"?>
<!DOCTYPE html PUBLIC "-//W3C//DTD XHTML 1.0 Transitional//EN"
    "http://www.w3.org/TR/xhtml1/DTD/xhtml1-transitional.dtd">
<html xmlns="http://www.w3.org/1999/xhtml" xml:lang="en" lang="en">
 <head>
  <title>
</title>
<meta http-equiv="Content-Type" content="text/html;charset=utf-8" />
  <meta name='ocr-system' content='tesseract 3.04.00' />
  <meta name='ocr-capabilities' content='ocr_page ocr_carea ocr_par ocr_line ocrx_word'/>
</head>
<body>
  <div class='ocr_page' id='page_1' title='image "./deciijuniijuven01persgoog_0245.png"; bbox 0 0 2126 3532; ppageno 0'>
   <div class='ocr_carea' id='block_1_1' title="bbox 155 129 742 184">
    <p class='ocr_par' dir='ltr' id='par_1_1' title="bbox 155 129 742 184">
     <span class='ocr_line' id='line_1_1' title="bbox 155 129 742 184; baseline 0.002 -1"><span class='ocrx_word' id='word_1_1' title='bbox 155 134 202 183; x_wconf 83' lang='lat'>118</span> <span class='ocrx_word' id='word_1_2' title='bbox 296 154 298 159; x_wconf 95' lang='lat'>·</span> <span class='ocrx_word' id='word_1_3' title='bbox 421 133 454 182; x_wconf 67' lang='lat' dir='ltr'>A,</span> <span class='ocrx_word' id='word_1_4' title='bbox 473 129 595 183; x_wconf 82' lang='lat' dir='ltr'>PERSH</span> <span class='ocrx_word' id='word_1_5' title='bbox 611 133 742 184; x_wconf 82' lang='lat' dir='ltr'><strong>FLAOOI</strong></span> 
     </span>
    </p>
   </div>
   <div class='ocr_carea' id='block_1_2' title="bbox 149 223 1032 1822">
    <p class='ocr_par' dir='ltr' id='par_1_2' title="bbox 150 223 1032 1670">
     <span class='ocr_line' id='line_1_2' title="bbox 154 223 999 293; baseline 0.002 -15"><span class='ocrx_word' id='word_1_6' title='bbox 154 223 199 278; x_wconf 85' lang='lat' dir='ltr'>Ne</span> <span class='ocrx_word' id='word_1_7' title='bbox 218 224 358 293; x_wconf 86' lang='lat' dir='ltr'>trepidare</span> <span class='ocrx_word' id='word_1_8' title='bbox 376 223 443 278; x_wconf 82' lang='lat' dir='ltr'>velis</span> <span class='ocrx_word' id='word_1_9' title='bbox 465 228 549 293; x_wconf 87' lang='lat' dir='ltr'>atque</span> <span class='ocrx_word' id='word_1_10' title='bbox 568 227 643 278; x_wconf 88' lang='lat' dir='ltr'>artos</span> <span class='ocrx_word' id='word_1_11' title='bbox 664 223 769 287; x_wconf 85' lang='lat' dir='ltr'>rodere¹</span> <span class='ocrx_word' id='word_1_12' title='bbox 783 226 880 281; x_wconf 66' lang='lat' dir='ltr'>casses</span> <span class='ocrx_word' id='word_1_13' title='bbox 967 229 999 280; x_wconf 82' lang='lat' dir='ltr'>ric</span> 
     </span>
     <span class='ocr_line' id='line_1_3' title="bbox 154 299 998 368; baseline 0.002 -14"><span class='ocrx_word' id='word_1_14' title='bbox 154 299 235 354; x_wconf 87' lang='lat' dir='ltr'>Nune</span> <span class='ocrx_word' id='word_1_15' title='bbox 258 301 332 356; x_wconf 84' lang='lat' dir='ltr'>ferus</span> <span class='ocrx_word' id='word_1_16' title='bbox 351 303 381 355; x_wconf 89' lang='lat' dir='ltr'>et</span> <span class='ocrx_word' id='word_1_17' title='bbox 399 299 514 355; x_wconf 89' lang='lat' dir='ltr'>violens:</span> <span class='ocrx_word' id='word_1_18' title='bbox 538 303 568 356; x_wconf 91' lang='lat' dir='ltr'>at</span> <span class='ocrx_word' id='word_1_19' title='bbox 587 300 609 354; x_wconf 88' lang='lat' dir='ltr'>si</span> <span class='ocrx_word' id='word_1_20' title='bbox 628 305 715 368; x_wconf 87' lang='lat' dir='ltr'>vocet,</span> <span class='ocrx_word' id='word_1_21' title='bbox 732 301 807 356; x_wconf 85' lang='lat' dir='ltr'>haud</span> <span class='ocrx_word' id='word_1_22' title='bbox 826 319 903 357; x_wconf 88' lang='lat' dir='ltr'>mora</span> <span class='ocrx_word' id='word_1_23' title='bbox 923 301 998 364; x_wconf 75' lang='lat' dir='ltr'>dieta</span> 
     </span>
     <span class='ocr_line' id='line_1_4' title="bbox 154 375 999 444; baseline 0.001 -14"><span class='ocrx_word' id='word_1_24' title='bbox 154 376 305 442; x_wconf 81' lang='lat' dir='ltr'>‘Quidnam</span> <span class='ocrx_word' id='word_1_25' title='bbox 317 376 402 444; x_wconf 83' lang='lat' dir='ltr'>igitur</span> <span class='ocrx_word' id='word_1_26' title='bbox 413 375 528 432; x_wconf 81' lang='lat' dir='ltr'>faeismi</span> <span class='ocrx_word' id='word_1_27' title='bbox 540 391 591 432; x_wconf 88' lang='lat' dir='ltr'>nec</span> <span class='ocrx_word' id='word_1_28' title='bbox 602 392 673 434; x_wconf 87' lang='lat' dir='ltr'>nunc</span> <span class='ocrx_word' id='word_1_29' title='bbox 686 393 748 431; x_wconf 89' lang='lat' dir='ltr'>eum</span> <span class='ocrx_word' id='word_1_30' title='bbox 761 383 881 434; x_wconf 86' lang='lat' dir='ltr'>arcessat</span> <span class='ocrx_word' id='word_1_31' title='bbox 891 381 922 434; x_wconf 92' lang='lat' dir='ltr'>et</span> <span class='ocrx_word' id='word_1_32' title='bbox 933 379 999 432; x_wconf 85' lang='lat' dir='ltr'>ultro</span> 
     </span>
     <span class='ocr_line' id='line_1_5' title="bbox 155 453 1032 526; baseline 0.003 -19"><span class='ocrx_word' id='word_1_33' title='bbox 155 453 295 522; x_wconf 86' lang='lat' dir='ltr'>Supplicet</span> <span class='ocrx_word' id='word_1_34' title='bbox 315 453 444 508; x_wconf 88' lang='lat' dir='ltr'>accedam</span> <span class='ocrx_word' id='word_1_35' title='bbox 452 454 470 508; x_wconf 79' lang='lat' dir='ltr'>t’</span> <span class='ocrx_word' id='word_1_36' title='bbox 506 453 534 508; x_wconf 81' lang='lat' dir='ltr'>si</span> <span class='ocrx_word' id='word_1_37' title='bbox 553 457 629 508; x_wconf 87' lang='lat' dir='ltr'>totus</span> <span class='ocrx_word' id='word_1_38' title='bbox 647 458 676 508; x_wconf 92' lang='lat' dir='ltr'>et</span> <span class='ocrx_word' id='word_1_39' title='bbox 694 455 802 524; x_wconf 76' lang='lat' dir='ltr'>integer</span> <span class='ocrx_word' id='word_1_40' title='bbox 821 455 895 511; x_wconf 90' lang='lat' dir='ltr'>illine</span> <span class='ocrx_word' id='word_1_41' title='bbox 1031 507 1032 526; x_wconf 15' lang='grc' dir='ltr'><strong>ξ</strong></span> 
     </span>
     <span class='ocr_line' id='line_1_6' title="bbox 153 520 987 600; baseline 0.004 -17"><span class='ocrx_word' id='word_1_42' title='bbox 153 520 337 598; x_wconf 67' lang='lat' dir='ltr'>exteraque</span> <span class='ocrx_word' id='word_1_43' title='bbox 349 529 446 584; x_wconf 88' lang='lat' dir='ltr'>nunc.&#39;&#39;</span> <span class='ocrx_word' id='word_1_44' title='bbox 482 529 542 597; x_wconf 82' lang='lat' dir='ltr'>Hic,</span> <span class='ocrx_word' id='word_1_45' title='bbox 555 529 600 584; x_wconf 89' lang='lat' dir='ltr'>hie</span> <span class='ocrx_word' id='word_1_46' title='bbox 612 547 694 599; x_wconf 88' lang='lat' dir='ltr'>quem</span> <span class='ocrx_word' id='word_1_47' title='bbox 706 531 868 600; x_wconf 74' lang='lat' dir='ltr'>quaerimus,</span> <span class='ocrx_word' id='word_1_48' title='bbox 880 531 927 588; x_wconf 90' lang='lat' dir='ltr'>hio</span> <span class='ocrx_word' id='word_1_49' title='bbox 939 539 987 593; x_wconf 78' lang='lat' dir='ltr'>est</span> 
     </span>
     <span class='ocr_line' id='line_1_7' title="bbox 153 605 1002 678; baseline 0.001 -17"><span class='ocrx_word' id='word_1_50' title='bbox 153 606 216 662; x_wconf 86' lang='lat' dir='ltr'>Non</span> <span class='ocrx_word' id='word_1_51' title='bbox 235 606 264 660; x_wconf 89' lang='lat' dir='ltr'>in</span> <span class='ocrx_word' id='word_1_52' title='bbox 282 606 389 662; x_wconf 75' lang='lat' dir='ltr'>festuca</span> <span class='ocrx_word' id='word_1_53' title='bbox 408 607 487 661; x_wconf 80' lang='lat' dir='ltr'><strong>lictor</strong></span> <span class='ocrx_word' id='word_1_54' title='bbox 505 619 590 674; x_wconf 80' lang='lat' dir='ltr'>quam</span> <span class='ocrx_word' id='word_1_55' title='bbox 602 605 693 674; x_wconf 88' lang='lat' dir='ltr'>jactat</span> <span class='ocrx_word' id='word_1_56' title='bbox 714 608 791 678; x_wconf 89' lang='lat' dir='ltr'>inept</span> <span class='ocrx_word' id='word_1_57' title='bbox 823 651 829 662; x_wconf 93' lang='lat'>.</span> <span class='ocrx_word' id='word_1_58' title='bbox 972 621 1002 662; x_wconf 79' lang='lat' dir='ltr'>ns</span> 
     </span>
     <span class='ocr_line' id='line_1_8' title="bbox 152 681 880 756; baseline 0.003 -19"><span class='ocrx_word' id='word_1_59' title='bbox 152 683 205 737; x_wconf 86' lang='lat' dir='ltr'>Jus</span> <span class='ocrx_word' id='word_1_60' title='bbox 224 681 311 756; x_wconf 85' lang='lat' dir='ltr'>habet</span> <span class='ocrx_word' id='word_1_61' title='bbox 329 683 376 738; x_wconf 92' lang='lat' dir='ltr'>ille</span> <span class='ocrx_word' id='word_1_62' title='bbox 395 683 436 737; x_wconf 94' lang='lat' dir='ltr'>sui</span> <span class='ocrx_word' id='word_1_63' title='bbox 455 681 536 751; x_wconf 90' lang='lat' dir='ltr'>palpo</span> <span class='ocrx_word' id='word_1_64' title='bbox 557 693 640 751; x_wconf 88' lang='lat' dir='ltr'>quem</span> <span class='ocrx_word' id='word_1_65' title='bbox 659 683 737 738; x_wconf 90' lang='lat' dir='ltr'>ducit</span> <span class='ocrx_word' id='word_1_66' title='bbox 757 683 880 739; x_wconf 89' lang='lat' dir='ltr'>hiantem</span> 
     </span>
     <span class='ocr_line' id='line_1_9' title="bbox 153 757 1032 836; baseline -0.001 -22"><span class='ocrx_word' id='word_1_67' title='bbox 153 759 266 814; x_wconf 84' lang='lat' dir='ltr'>Oretata</span> <span class='ocrx_word' id='word_1_68' title='bbox 285 759 415 815; x_wconf 82' lang='lat' dir='ltr'>ambitioi</span> <span class='ocrx_word' id='word_1_69' title='bbox 450 757 541 827; x_wconf 82' lang='lat' dir='ltr'>Vigila</span> <span class='ocrx_word' id='word_1_70' title='bbox 560 762 589 814; x_wconf 92' lang='lat' dir='ltr'>et</span> <span class='ocrx_word' id='word_1_71' title='bbox 608 759 680 814; x_wconf 89' lang='lat' dir='ltr'>cicer</span> <span class='ocrx_word' id='word_1_72' title='bbox 698 760 792 830; x_wconf 82' lang='lat' dir='ltr'>ingere</span> <span class='ocrx_word' id='word_1_73' title='bbox 813 760 889 829; x_wconf 84' lang='lat' dir='ltr'>large</span> <span class='ocrx_word' id='word_1_74' title='bbox 1031 761 1032 836; x_wconf 68' lang='lat' dir='ltr'>i</span> 
     </span>
     <span class='ocr_line' id='line_1_10' title="bbox 153 834 817 908; baseline 0.003 -19"><span class='ocrx_word' id='word_1_75' title='bbox 153 835 265 890; x_wconf 86' lang='lat' dir='ltr'>Rixanti</span> <span class='ocrx_word' id='word_1_76' title='bbox 284 834 391 908; x_wconf 88' lang='lat' dir='ltr'>populo,</span> <span class='ocrx_word' id='word_1_77' title='bbox 409 844 503 890; x_wconf 84' lang='lat' dir='ltr'>nostra</span> <span class='ocrx_word' id='word_1_78' title='bbox 522 838 555 890; x_wconf 89' lang='lat' dir='ltr'>ut</span> <span class='ocrx_word' id='word_1_79' title='bbox 575 835 693 890; x_wconf 80' lang='lat' dir='ltr'><strong>Floralia</strong></span> <span class='ocrx_word' id='word_1_80' title='bbox 711 836 817 906; x_wconf 79' lang='lat' dir='ltr'><strong>possint</strong></span> 
     </span>
     <span class='ocr_line' id='line_1_11' title="bbox 152 911 945 982; baseline 0 -15"><span class='ocrx_word' id='word_1_81' title='bbox 152 912 249 982; x_wconf 84' lang='lat' dir='ltr'>Aprici</span> <span class='ocrx_word' id='word_1_82' title='bbox 268 912 423 966; x_wconf 77' lang='lat' dir='ltr'>meminisse</span> <span class='ocrx_word' id='word_1_83' title='bbox 442 927 533 966; x_wconf 81' lang='lat' dir='ltr'>senesr</span> <span class='ocrx_word' id='word_1_84' title='bbox 558 911 625 982; x_wconf 86' lang='lat' dir='ltr'>qnid</span> <span class='ocrx_word' id='word_1_85' title='bbox 644 912 765 982; x_wconf 88' lang='lat' dir='ltr'>pulcrius</span> <span class='ocrx_word' id='word_1_86' title='bbox 772 913 857 967; x_wconf 73' lang='lat' dir='ltr'>t-At</span> <span class='ocrx_word' id='word_1_87' title='bbox 876 928 945 967; x_wconf 88' lang='lat' dir='ltr'>cum</span> 
     </span>
     <span class='ocr_line' id='line_1_12' title="bbox 150 983 1004 1058; baseline -0.001 -14"><span class='ocrx_word' id='word_1_88' title='bbox 150 989 273 1044; x_wconf 79' lang='lat' dir='ltr'>Herodis</span> <span class='ocrx_word' id='word_1_89' title='bbox 292 1005 392 1044; x_wconf 81' lang='lat' dir='ltr'>venere</span> <span class='ocrx_word' id='word_1_90' title='bbox 412 989 478 1057; x_wconf 87' lang='lat' dir='ltr'>dies,</span> <span class='ocrx_word' id='word_1_91' title='bbox 497 991 635 1058; x_wconf 90' lang='lat' dir='ltr'>unctaque</span> <span class='ocrx_word' id='word_1_92' title='bbox 656 989 775 1043; x_wconf 76' lang='lat' dir='ltr'>fenestra</span> <span class='ocrx_word' id='word_1_93' title='bbox 970 983 1004 1043; x_wconf 80' lang='lat' dir='ltr'>&#39;1so</span> 
     </span>
     <span class='ocr_line' id='line_1_13' title="bbox 152 1063 1032 1136; baseline 0.002 -18"><span class='ocrx_word' id='word_1_94' title='bbox 152 1064 305 1136; x_wconf 84' lang='lat' dir='ltr'>Dispositae</span> <span class='ocrx_word' id='word_1_95' title='bbox 324 1065 455 1135; x_wconf 82' lang='lat' dir='ltr'>pinguem</span> <span class='ocrx_word' id='word_1_96' title='bbox 473 1064 603 1122; x_wconf 81' lang='lat' dir='ltr'>nebulam</span> <span class='ocrx_word' id='word_1_97' title='bbox 621 1081 750 1119; x_wconf 85' lang='lat' dir='ltr'>vomuere</span> <span class='ocrx_word' id='word_1_98' title='bbox 770 1064 898 1120; x_wconf 80' lang='lat' dir='ltr'>lucernae</span> <span class='ocrx_word' id='word_1_99' title='bbox 1031 1063 1032 1072; x_wconf 72' lang='grc'>’</span> 
     </span>
     <span class='ocr_line' id='line_1_14' title="bbox 151 1141 882 1210; baseline -0.003 -12"><span class='ocrx_word' id='word_1_100' title='bbox 151 1145 298 1198; x_wconf 85' lang='lat' dir='ltr'>Portantes</span> <span class='ocrx_word' id='word_1_101' title='bbox 315 1141 409 1210; x_wconf 85' lang='lat' dir='ltr'>violas,</span> <span class='ocrx_word' id='word_1_102' title='bbox 430 1141 597 1208; x_wconf 86' lang='lat' dir='ltr'>rubrumque</span> <span class='ocrx_word' id='word_1_103' title='bbox 618 1141 743 1210; x_wconf 88' lang='lat' dir='ltr'>amplexa</span> <span class='ocrx_word' id='word_1_104' title='bbox 761 1141 882 1196; x_wconf 86' lang='lat' dir='ltr'>catinum</span> 
     </span>
     <span class='ocr_line' id='line_1_15' title="bbox 152 1217 865 1288; baseline -0.007 -12"><span class='ocrx_word' id='word_1_105' title='bbox 152 1219 246 1276; x_wconf 83' lang='lat' dir='ltr'>Gauda</span> <span class='ocrx_word' id='word_1_106' title='bbox 264 1221 344 1274; x_wconf 82' lang='lat' dir='ltr'>natet</span> <span class='ocrx_word' id='word_1_107' title='bbox 362 1217 469 1288; x_wconf 81' lang='lat' dir='ltr'>thuani,</span> <span class='ocrx_word' id='word_1_108' title='bbox 488 1221 577 1274; x_wconf 89' lang='lat' dir='ltr'>tumet</span> <span class='ocrx_word' id='word_1_109' title='bbox 596 1218 659 1272; x_wconf 88' lang='lat' dir='ltr'>alba</span> <span class='ocrx_word' id='word_1_110' title='bbox 677 1217 770 1272; x_wconf 88' lang='lat' dir='ltr'>fidelia</span> <span class='ocrx_word' id='word_1_111' title='bbox 787 1219 865 1282; x_wconf 84' lang='lat' dir='ltr'>vino;</span> 
     </span>
     <span class='ocr_line' id='line_1_16' title="bbox 150 1293 912 1364; baseline -0.003 -12"><span class='ocrx_word' id='word_1_112' title='bbox 150 1297 242 1352; x_wconf 85' lang='lat' dir='ltr'>Labra</span> <span class='ocrx_word' id='word_1_113' title='bbox 259 1311 353 1350; x_wconf 80' lang='lat' dir='ltr'>moves</span> <span class='ocrx_word' id='word_1_114' title='bbox 370 1295 470 1350; x_wconf 84' lang='lat' dir='ltr'>tacitus</span> <span class='ocrx_word' id='word_1_115' title='bbox 488 1295 661 1364; x_wconf 76' lang='lat' dir='ltr'>recutitaque</span> <span class='ocrx_word' id='word_1_116' title='bbox 683 1293 797 1349; x_wconf 84' lang='lat' dir='ltr'>sabbata</span> <span class='ocrx_word' id='word_1_117' title='bbox 815 1293 912 1364; x_wconf 83' lang='lat' dir='ltr'>palles.</span> 
     </span>
     <span class='ocr_line' id='line_1_17' title="bbox 150 1371 1005 1442; baseline -0.001 -14"><span class='ocrx_word' id='word_1_118' title='bbox 150 1373 226 1430; x_wconf 83' lang='lat' dir='ltr'>Tunc</span> <span class='ocrx_word' id='word_1_119' title='bbox 246 1372 317 1442; x_wconf 84' lang='lat' dir='ltr'>nigri</span> <span class='ocrx_word' id='word_1_120' title='bbox 337 1371 455 1426; x_wconf 91' lang='lat' dir='ltr'>lemures</span> <span class='ocrx_word' id='word_1_121' title='bbox 476 1387 581 1440; x_wconf 86' lang='lat' dir='ltr'>ovoque</span> <span class='ocrx_word' id='word_1_122' title='bbox 599 1371 721 1440; x_wconf 89' lang='lat' dir='ltr'>pericula</span> <span class='ocrx_word' id='word_1_123' title='bbox 739 1373 828 1441; x_wconf 89' lang='lat' dir='ltr'>rupto,</span> <span class='ocrx_word' id='word_1_124' title='bbox 972 1387 1005 1427; x_wconf 83' lang='lat' dir='ltr'>rso</span> 
     </span>
     <span class='ocr_line' id='line_1_18' title="bbox 150 1447 934 1518; baseline -0.004 -14"><span class='ocrx_word' id='word_1_125' title='bbox 150 1451 225 1506; x_wconf 80' lang='lat' dir='ltr'>&#39;Punc</span> <span class='ocrx_word' id='word_1_126' title='bbox 245 1447 366 1518; x_wconf 78' lang='lat' dir='ltr'>grandes</span> <span class='ocrx_word' id='word_1_127' title='bbox 384 1447 455 1502; x_wconf 84' lang='lat' dir='ltr'>Galli</span> <span class='ocrx_word' id='word_1_128' title='bbox 474 1450 585 1502; x_wconf 83' lang='lat' dir='ltr'>etcum</span> <span class='ocrx_word' id='word_1_129' title='bbox 604 1447 686 1502; x_wconf 87' lang='lat' dir='ltr'>sistro</span> <span class='ocrx_word' id='word_1_130' title='bbox 706 1447 783 1502; x_wconf 87' lang='lat' dir='ltr'>lusca</span> <span class='ocrx_word' id='word_1_131' title='bbox 801 1447 934 1503; x_wconf 72' lang='lat' dir='ltr'>sacerdos</span> 
     </span>
     <span class='ocr_line' id='line_1_19' title="bbox 150 1523 784 1598; baseline -0.003 -18"><span class='ocrx_word' id='word_1_132' title='bbox 150 1527 294 1582; x_wconf 85' lang='lat' dir='ltr'>Incussere</span> <span class='ocrx_word' id='word_1_133' title='bbox 314 1525 381 1580; x_wconf 88' lang='lat' dir='ltr'>deos</span> <span class='ocrx_word' id='word_1_134' title='bbox 400 1523 528 1598; x_wconf 87' lang='lat' dir='ltr'>inflantes</span> <span class='ocrx_word' id='word_1_135' title='bbox 547 1541 669 1596; x_wconf 86' lang='lat' dir='ltr'>corpora,</span> <span class='ocrx_word' id='word_1_136' title='bbox 689 1524 712 1578; x_wconf 86' lang='lat' dir='ltr'>si</span> <span class='ocrx_word' id='word_1_137' title='bbox 730 1539 784 1578; x_wconf 90' lang='lat' dir='ltr'>non</span> 
     </span>
     <span class='ocr_line' id='line_1_20' title="bbox 150 1600 832 1670; baseline 0 -13"><span class='ocrx_word' id='word_1_138' title='bbox 150 1602 328 1658; x_wconf 83' lang='lat' dir='ltr'>Praedictum</span> <span class='ocrx_word' id='word_1_139' title='bbox 345 1605 390 1656; x_wconf 88' lang='lat' dir='ltr'>ter</span> <span class='ocrx_word' id='word_1_140' title='bbox 408 1615 489 1656; x_wconf 88' lang='lat' dir='ltr'>mane</span> <span class='ocrx_word' id='word_1_141' title='bbox 508 1604 591 1670; x_wconf 90' lang='lat' dir='ltr'>eaput</span> <span class='ocrx_word' id='word_1_142' title='bbox 609 1600 762 1669; x_wconf 70' lang='lat' dir='ltr'>gmtuverm</span> <span class='ocrx_word' id='word_1_143' title='bbox 778 1601 832 1658; x_wconf 85' lang='lat' dir='ltr'>sili.</span> 
     </span>
    </p>

    <p class='ocr_par' dir='ltr' id='par_1_3' title="bbox 149 1676 1006 1822">
     <span class='ocr_line' id='line_1_21' title="bbox 185 1676 835 1746; baseline -0.002 -13"><span class='ocrx_word' id='word_1_144' title='bbox 185 1679 293 1734; x_wconf 87' lang='lat' dir='ltr'>Dixeris</span> <span class='ocrx_word' id='word_1_145' title='bbox 312 1678 380 1732; x_wconf 89' lang='lat' dir='ltr'>haee</span> <span class='ocrx_word' id='word_1_146' title='bbox 400 1677 473 1734; x_wconf 87' lang='lat' dir='ltr'>inter</span> <span class='ocrx_word' id='word_1_147' title='bbox 492 1679 626 1732; x_wconf 84' lang='lat' dir='ltr'>varicosos</span> <span class='ocrx_word' id='word_1_148' title='bbox 646 1676 835 1746; x_wconf 77' lang='lat' dir='ltr'>Centuriones,</span> 
     </span>
     <span class='ocr_line' id='line_1_22' title="bbox 149 1753 1006 1822; baseline -0.002 -12"><span class='ocrx_word' id='word_1_149' title='bbox 149 1756 285 1811; x_wconf 80' lang='lat' dir='ltr'>Continuo</span> <span class='ocrx_word' id='word_1_150' title='bbox 306 1771 425 1810; x_wconf 78' lang='lat' dir='ltr'>nassum</span> <span class='ocrx_word' id='word_1_151' title='bbox 445 1754 519 1808; x_wconf 85' lang='lat' dir='ltr'>ridet</span> <span class='ocrx_word' id='word_1_152' title='bbox 538 1753 681 1807; x_wconf 85' lang='lat' dir='ltr'>Vulfenius</span> <span class='ocrx_word' id='word_1_153' title='bbox 699 1753 803 1822; x_wconf 85' lang='lat' dir='ltr'>ingens,</span> <span class='ocrx_word' id='word_1_154' title='bbox 971 1769 1006 1808; x_wconf 83' lang='lat' dir='ltr'>roo</span> 
     </span>
    </p>
   </div>
   <div class='ocr_carea' id='block_1_3' title="bbox 139 1829 821 1911">
    <p class='ocr_par' dir='ltr' id='par_1_4' title="bbox 139 1829 821 1911">
     <span class='ocr_line' id='line_1_23' title="bbox 139 1829 821 1911; baseline -0.004 -23"><span class='ocrx_word' id='word_1_155' title='bbox 139 1833 187 1888; x_wconf 72' lang='lat' dir='ltr'>ut</span> <span class='ocrx_word' id='word_1_156' title='bbox 206 1835 316 1888; x_wconf 90' lang='lat' dir='ltr'>centnm</span> <span class='ocrx_word' id='word_1_157' title='bbox 337 1829 553 1911; x_wconf 60' lang='lat' dir='ltr'>Graecos‘curto</span> <span class='ocrx_word' id='word_1_158' title='bbox 573 1834 699 1884; x_wconf 87' lang='lat' dir='ltr'>centusse</span> <span class='ocrx_word' id='word_1_159' title='bbox 717 1829 821 1885; x_wconf 87' lang='lat' dir='ltr'>licetur.</span> 
     </span>
    </p>
   </div>
   <div class='ocr_carea' id='block_1_4' title="bbox 469 2163 680 2221">
    <p class='ocr_par' dir='ltr' id='par_1_5' title="bbox 469 2163 680 2221">
     <span class='ocr_line' id='line_1_24' title="bbox 469 2163 680 2221; baseline 0.005 -1"><span class='ocrx_word' id='word_1_160' title='bbox 469 2163 609 2220; x_wconf 82' lang='lat' dir='ltr'><strong>SATIRA</strong></span> <span class='ocrx_word' id='word_1_161' title='bbox 629 2164 680 2221; x_wconf 87' lang='lat' dir='ltr'>VI.</span> 
     </span>
    </p>
   </div>
   <div class='ocr_carea' id='block_1_5' title="bbox 144 2287 1004 3272">
    <p class='ocr_par' dir='ltr' id='par_1_6' title="bbox 147 2287 852 2360">
     <span class='ocr_line' id='line_1_25' title="bbox 147 2287 852 2360; baseline 0.004 -17"><span class='ocrx_word' id='word_1_162' title='bbox 147 2291 285 2345; x_wconf 85' lang='lat' dir='ltr'>Aouovrr</span> <span class='ocrx_word' id='word_1_163' title='bbox 297 2287 358 2358; x_wconf 78' lang='lat' dir='ltr'>Jam</span> <span class='ocrx_word' id='word_1_164' title='bbox 374 2287 473 2344; x_wconf 90' lang='lat' dir='ltr'>bruma</span> <span class='ocrx_word' id='word_1_165' title='bbox 489 2289 549 2344; x_wconf 86' lang='lat' dir='ltr'>foco</span> <span class='ocrx_word' id='word_1_166' title='bbox 566 2292 603 2358; x_wconf 88' lang='lat' dir='ltr'>te,</span> <span class='ocrx_word' id='word_1_167' title='bbox 623 2290 715 2360; x_wconf 82' lang='lat' dir='ltr'>Basse,</span> <span class='ocrx_word' id='word_1_168' title='bbox 734 2288 852 2346; x_wconf 74' lang='lat' dir='ltr'>Sabino?</span> 
     </span>
    </p>

    <p class='ocr_par' dir='ltr' id='par_1_7' title="bbox 147 2365 947 2436">
     <span class='ocr_line' id='line_1_26' title="bbox 147 2365 947 2436; baseline 0.006 -17"><span class='ocrx_word' id='word_1_169' title='bbox 147 2365 248 2422; x_wconf 88' lang='lat' dir='ltr'>Jamne</span> <span class='ocrx_word' id='word_1_170' title='bbox 263 2365 321 2436; x_wconf 82' lang='lat' dir='ltr'>lyra</span> <span class='ocrx_word' id='word_1_171' title='bbox 338 2369 368 2420; x_wconf 91' lang='lat' dir='ltr'>et</span> <span class='ocrx_word' id='word_1_172' title='bbox 383 2366 483 2420; x_wconf 88' lang='lat' dir='ltr'>tetrico</span> <span class='ocrx_word' id='word_1_173' title='bbox 500 2365 595 2421; x_wconf 86' lang='lat' dir='ltr'>vivunt</span> <span class='ocrx_word' id='word_1_174' title='bbox 612 2367 663 2422; x_wconf 89' lang='lat' dir='ltr'>tibi</span> <span class='ocrx_word' id='word_1_175' title='bbox 680 2367 790 2436; x_wconf 86' lang='lat' dir='ltr'>pectine</span> <span class='ocrx_word' id='word_1_176' title='bbox 807 2366 947 2423; x_wconf 70' lang='lat' dir='ltr'>chordae?</span> 
     </span>
    </p>

    <p class='ocr_par' dir='ltr' id='par_1_8' title="bbox 146 2441 884 2514">
     <span class='ocr_line' id='line_1_27' title="bbox 146 2441 884 2514; baseline 0.003 -18"><span class='ocrx_word' id='word_1_177' title='bbox 146 2441 218 2498; x_wconf 90' lang='lat' dir='ltr'>Mire</span> <span class='ocrx_word' id='word_1_178' title='bbox 235 2443 327 2514; x_wconf 85' lang='lat' dir='ltr'>opifex</span> <span class='ocrx_word' id='word_1_179' title='bbox 343 2442 463 2498; x_wconf 84' lang='lat' dir='ltr'>numeris</span> <span class='ocrx_word' id='word_1_180' title='bbox 480 2446 604 2498; x_wconf 84' lang='lat' dir='ltr'>veterum</span> <span class='ocrx_word' id='word_1_181' title='bbox 621 2443 770 2514; x_wconf 80' lang='lat' dir='ltr'>primordia</span> <span class='ocrx_word' id='word_1_182' title='bbox 786 2459 884 2498; x_wconf 82' lang='lat' dir='ltr'>vocum</span> 
     </span>
    </p>

    <p class='ocr_par' dir='ltr' id='par_1_9' title="bbox 147 2519 914 2596">
     <span class='ocr_line' id='line_1_28' title="bbox 147 2519 914 2596; baseline 0.003 -24"><span class='ocrx_word' id='word_1_183' title='bbox 147 2519 242 2588; x_wconf 84' lang='lat' dir='ltr'>Atque</span> <span class='ocrx_word' id='word_1_184' title='bbox 260 2533 363 2596; x_wconf 81' lang='lat' dir='ltr'>marem</span> <span class='ocrx_word' id='word_1_185' title='bbox 381 2519 527 2588; x_wconf 88' lang='lat' dir='ltr'>strepitum</span> <span class='ocrx_word' id='word_1_186' title='bbox 539 2519 602 2574; x_wconf 88' lang='lat' dir='ltr'>fidis</span> <span class='ocrx_word' id='word_1_187' title='bbox 621 2519 771 2575; x_wconf 89' lang='lat' dir='ltr'>intendisse</span> <span class='ocrx_word' id='word_1_188' title='bbox 790 2519 914 2586; x_wconf 82' lang='lat' dir='ltr'>Latinae,</span> 
     </span>
    </p>

    <p class='ocr_par' dir='ltr' id='par_1_10' title="bbox 146 2592 1004 2666">
     <span class='ocr_line' id='line_1_29' title="bbox 146 2592 1004 2666; baseline 0.002 -18"><span class='ocrx_word' id='word_1_189' title='bbox 146 2593 212 2648; x_wconf 85' lang='lat' dir='ltr'>Mox</span> <span class='ocrx_word' id='word_1_190' title='bbox 225 2593 343 2662; x_wconf 84' lang='lat' dir='ltr'>juvenes</span> <span class='ocrx_word' id='word_1_191' title='bbox 360 2592 465 2662; x_wconf 86' lang='lat' dir='ltr'>agitare</span> <span class='ocrx_word' id='word_1_192' title='bbox 477 2592 555 2664; x_wconf 86' lang='lat' dir='ltr'>jocos</span> <span class='ocrx_word' id='word_1_193' title='bbox 573 2599 602 2651; x_wconf 91' lang='lat' dir='ltr'>et</span> <span class='ocrx_word' id='word_1_194' title='bbox 619 2596 716 2666; x_wconf 91' lang='lat' dir='ltr'>pollice</span> <span class='ocrx_word' id='word_1_195' title='bbox 732 2596 847 2651; x_wconf 90' lang='lat' dir='ltr'>honesto</span> <span class='ocrx_word' id='word_1_196' title='bbox 992 2613 1004 2650; x_wconf 82' lang='lat'><strong>5</strong></span> 
     </span>
    </p>

    <p class='ocr_par' dir='ltr' id='par_1_11' title="bbox 145 2669 852 2742">
     <span class='ocr_line' id='line_1_30' title="bbox 145 2669 852 2742; baseline 0.004 -18"><span class='ocrx_word' id='word_1_197' title='bbox 145 2670 280 2739; x_wconf 82' lang='lat' dir='ltr'>Egregius</span> <span class='ocrx_word' id='word_1_198' title='bbox 295 2669 391 2724; x_wconf 89' lang='lat' dir='ltr'>lusisse</span> <span class='ocrx_word' id='word_1_199' title='bbox 408 2685 493 2726; x_wconf 89' lang='lat' dir='ltr'>senes.</span> <span class='ocrx_word' id='word_1_200' title='bbox 529 2670 598 2726; x_wconf 87' lang='lat' dir='ltr'>Mihi</span> <span class='ocrx_word' id='word_1_201' title='bbox 614 2689 686 2727; x_wconf 90' lang='lat' dir='ltr'>nunc</span> <span class='ocrx_word' id='word_1_202' title='bbox 702 2672 786 2742; x_wconf 83' lang='lat' dir='ltr'>Ligus</span> <span class='ocrx_word' id='word_1_203' title='bbox 804 2687 852 2726; x_wconf 86' lang='lat' dir='ltr'>ora</span> 
     </span>
    </p>

    <p class='ocr_par' dir='ltr' id='par_1_12' title="bbox 146 2745 948 2819">
     <span class='ocr_line' id='line_1_31' title="bbox 146 2745 948 2819; baseline 0.002 -18"><span class='ocrx_word' id='word_1_204' title='bbox 146 2745 266 2816; x_wconf 81' lang='lat' dir='ltr'>intepet,</span> <span class='ocrx_word' id='word_1_205' title='bbox 283 2745 463 2817; x_wconf 87' lang='lat' dir='ltr'>hibernatque</span> <span class='ocrx_word' id='word_1_206' title='bbox 480 2763 572 2803; x_wconf 90' lang='lat' dir='ltr'>meum</span> <span class='ocrx_word' id='word_1_207' title='bbox 587 2761 672 2818; x_wconf 74' lang='lat' dir='ltr'>usare,</span> <span class='ocrx_word' id='word_1_208' title='bbox 689 2765 744 2819; x_wconf 90' lang='lat' dir='ltr'>qua</span> <span class='ocrx_word' id='word_1_209' title='bbox 759 2749 831 2804; x_wconf 84' lang='lat' dir='ltr'>latus</span> <span class='ocrx_word' id='word_1_210' title='bbox 847 2748 948 2817; x_wconf 84' lang='lat' dir='ltr'>ingens</span> 
     </span>
    </p>

    <p class='ocr_par' dir='ltr' id='par_1_13' title="bbox 145 2821 871 2895">
     <span class='ocr_line' id='line_1_32' title="bbox 145 2821 871 2895; baseline 0.003 -17"><span class='ocrx_word' id='word_1_211' title='bbox 145 2821 221 2878; x_wconf 89' lang='lat' dir='ltr'>Dant</span> <span class='ocrx_word' id='word_1_212' title='bbox 239 2821 342 2892; x_wconf 89' lang='lat' dir='ltr'>scopuli</span> <span class='ocrx_word' id='word_1_213' title='bbox 359 2825 390 2878; x_wconf 90' lang='lat' dir='ltr'>et</span> <span class='ocrx_word' id='word_1_214' title='bbox 405 2824 495 2879; x_wconf 82' lang='lat' dir='ltr'>multa</span> <span class='ocrx_word' id='word_1_215' title='bbox 511 2825 589 2882; x_wconf 87' lang='lat' dir='ltr'>littus</span> <span class='ocrx_word' id='word_1_216' title='bbox 606 2841 636 2880; x_wconf 88' lang='lat' dir='ltr'>se</span> <span class='ocrx_word' id='word_1_217' title='bbox 653 2825 723 2882; x_wconf 81' lang='lat' dir='ltr'>valle</span> <span class='ocrx_word' id='word_1_218' title='bbox 739 2827 871 2895; x_wconf 82' lang='lat' dir='ltr'>receptat</span> 
     </span>
    </p>

    <p class='ocr_par' dir='ltr' id='par_1_14' title="bbox 144 2898 850 2973">
     <span class='ocr_line' id='line_1_33' title="bbox 144 2898 850 2973; baseline 0.006 -21"><span class='ocrx_word' id='word_1_219' title='bbox 144 2898 247 2952; x_wconf 79' lang='lat' dir='ltr'>Lunai</span> <span class='ocrx_word' id='word_1_220' title='bbox 259 2906 382 2966; x_wconf 75' lang='lat' dir='ltr'>portem</span> <span class='ocrx_word' id='word_1_221' title='bbox 399 2899 448 2966; x_wconf 79' lang='lat' dir='ltr'>(est</span> <span class='ocrx_word' id='word_1_222' title='bbox 465 2902 577 2970; x_wconf 66' lang='lat' dir='ltr'>werae)</span> <span class='ocrx_word' id='word_1_223' title='bbox 595 2903 756 2973; x_wconf 68' lang='lat' dir='ltr'>cognoscito,</span> <span class='ocrx_word' id='word_1_224' title='bbox 774 2901 850 2956; x_wconf 80' lang='lat' dir='ltr'>cirea</span> 
     </span>
    </p>

    <p class='ocr_par' dir='ltr' id='par_1_15' title="bbox 145 2973 1003 3046">
     <span class='ocr_line' id='line_1_34' title="bbox 145 2973 1003 3046; baseline 0.007 -20"><span class='ocrx_word' id='word_1_225' title='bbox 145 2973 201 3026; x_wconf 80' lang='lat' dir='ltr'>Gor</span> <span class='ocrx_word' id='word_1_226' title='bbox 212 2973 296 3042; x_wconf 88' lang='lat' dir='ltr'>jubet</span> <span class='ocrx_word' id='word_1_227' title='bbox 312 2973 364 3028; x_wconf 92' lang='lat' dir='ltr'>hoc</span> <span class='ocrx_word' id='word_1_228' title='bbox 380 2974 458 3044; x_wconf 77' lang='lat' dir='ltr'>Enni,</span> <span class='ocrx_word' id='word_1_229' title='bbox 475 2981 622 3046; x_wconf 84' lang='lat' dir='ltr'>postquam</span> <span class='ocrx_word' id='word_1_230' title='bbox 639 2977 787 3034; x_wconf 87' lang='lat' dir='ltr'>destertuit</span> <span class='ocrx_word' id='word_1_231' title='bbox 803 2993 864 3032; x_wconf 85' lang='lat' dir='ltr'>esse</span> <span class='ocrx_word' id='word_1_232' title='bbox 979 2994 1003 3032; x_wconf 88' lang='lat' dir='ltr'>ro</span> 
     </span>
    </p>

    <p class='ocr_par' dir='ltr' id='par_1_16' title="bbox 144 3044 822 3124">
     <span class='ocr_line' id='line_1_35' title="bbox 144 3044 822 3124; baseline 0.01 -22"><span class='ocrx_word' id='word_1_233' title='bbox 144 3044 313 3117; x_wconf 86' lang='lat' dir='ltr'>Maeonides,</span> <span class='ocrx_word' id='word_1_234' title='bbox 331 3048 449 3115; x_wconf 81' lang='lat' dir='ltr'>Quintus</span> <span class='ocrx_word' id='word_1_235' title='bbox 465 3067 571 3120; x_wconf 84' lang='lat' dir='ltr'>pavone</span> <span class='ocrx_word' id='word_1_236' title='bbox 588 3069 623 3108; x_wconf 86' lang='lat' dir='ltr'>ex</span> <span class='ocrx_word' id='word_1_237' title='bbox 643 3053 822 3124; x_wconf 84' lang='lat' dir='ltr'>Pythagoreo.</span> 
     </span>
    </p>

    <p class='ocr_par' dir='ltr' id='par_1_17' title="bbox 145 3121 905 3272">
     <span class='ocr_line' id='line_1_36' title="bbox 145 3121 905 3198; baseline 0.011 -22"><span class='ocrx_word' id='word_1_238' title='bbox 145 3121 201 3176; x_wconf 79' lang='lat' dir='ltr'>&#39;¹‘e</span> <span class='ocrx_word' id='word_1_239' title='bbox 218 3139 269 3190; x_wconf 85' lang='lat' dir='ltr'>ego</span> <span class='ocrx_word' id='word_1_240' title='bbox 281 3139 398 3178; x_wconf 68' lang='lat' dir='ltr'>vsecurus</span> <span class='ocrx_word' id='word_1_241' title='bbox 414 3125 489 3195; x_wconf 83' lang='lat' dir='ltr'>vulgi</span> <span class='ocrx_word' id='word_1_242' title='bbox 505 3130 535 3182; x_wconf 89' lang='lat' dir='ltr'>et</span> <span class='ocrx_word' id='word_1_243' title='bbox 552 3126 620 3198; x_wconf 89' lang='lat' dir='ltr'>quid</span> <span class='ocrx_word' id='word_1_244' title='bbox 636 3133 781 3198; x_wconf 84' lang='lat' dir='ltr'>praeparet</span> <span class='ocrx_word' id='word_1_245' title='bbox 799 3129 905 3185; x_wconf 79' lang='lat' dir='ltr'>Auster</span> 
     </span>
     <span class='ocr_line' id='line_1_37' title="bbox 211 3196 842 3272; baseline 0.013 -20"><span class='ocrx_word' id='word_1_246' title='bbox 211 3196 733 3272; x_wconf 70' lang='lat' dir='ltr'>tixpeeonsoeurmstmgulmffle</span> <span class='ocrx_word' id='word_1_247' title='bbox 838 3225 842 3232; x_wconf 96' lang='lat'>·</span> 
     </span>
    </p>
   </div>
   <div class='ocr_carea' id='block_1_6' title="bbox 0 0 1068 3532">
    <p class='ocr_par' dir='ltr' id='par_1_18' title="bbox 0 0 1068 3532">
     <span class='ocr_line' id='line_1_38' title="bbox 0 0 1068 3532; baseline 0 3"><span class='ocrx_word' id='word_1_248' title='bbox 0 0 1068 3532; x_wconf 95' lang='lat' dir='ltr'> </span> 
     </span>
    </p>
   </div>
  </div>
 </body>
</html>
