2134 3536
124 127 156 176 12
358 129 391 178 D.
409 127 515 177 JUNII
531 125 741 176 JUVENALIS

124 216 274 272 Graeculus
293 218 416 272 esuriens
433 218 461 271 in
480 216 585 271 caelum
599 216 715 285 jumeris
733 215 794 271 ibit

124 291 173 346 Ad
196 309 337 363 summam,
359 309 414 348 non
437 293 553 348 Maurus
575 296 638 348 erat
660 309 752 362 noque
775 293 907 351 Sarmata
929 312 984 352 nec

193 369 283 424 Thrax

124 444 177 510 Qui
196 447 293 502 sumsit
313 465 423 518 pennas,
442 449 540 504 mediis
559 447 608 502 scd
625 450 707 502 natus
724 446 851 504 Athenis.
958 464 984 502 ao

124 519 231 576 Horum
250 540 301 592 ego
320 541 373 578 non
392 527 495 594 fugiam
514 523 668 594 conchylia?
692 539 737 577 me
756 523 833 592 prior
852 525 902 580 ille
954 553 960 560 ·

123 597 264 666 Signabitl
287 601 426 670 fultusque
446 606 508 656 toro
526 601 638 655 meliore
656 600 801 656 recumbet

123 673 267 730 Advectos
286 677 401 732 Romam
419 695 473 747 quo
487 693 579 747 pruna
595 681 625 732 et
642 680 753 732 cottona
769 679 872 734 cantol

122 749 217 820 Usque
236 753 305 807 adeo
324 754 391 807 nihil
411 757 462 822 est,
481 755 555 824 quod
575 757 670 808 nostra
686 753 802 808 infantia
822 755 931 810 caelum

122 826 224 882 Hausit
245 830 383 898 Aventini,
401 830 485 884 bacca
503 831 608 884 nutrita
629 829 747 886 Sabiuai
954 847 981 886 ao

122 903 204 972 Quid,
223 906 298 974 quod
317 907 446 961 adulandi
465 924 534 976 gens
553 906 767 975 prudentissima
786 906 883 964 laudat
935 967 939 978 ,

122 981 286 1042 ὃθηηοηθιῃ,
298 983 408 1050 indocti,
427 984 524 1038 faciem
546 983 675 1037 deformis
695 983 782 1050 amici,

121 1057 161 1113 Et
178 1058 289 1127 longum
307 1060 418 1114 invalidi
438 1061 537 1116 collum
558 1059 707 1114 cervicibus
725 1063 827 1129 aequat

122 1134 257 1204 Herculis,
277 1137 414 1198 Antaeum
433 1136 527 1206 procul
546 1153 563 1191 a
582 1135 681 1190 tellure
699 1136 827 1205 tenentis,

121 1211 241 1266 Miratur
261 1228 354 1266 vooom
373 1217 524 1282 angustam,
544 1229 599 1282 qua
619 1211 742 1266 deterius
759 1229 811 1266 nec
952 1229 977 1268 au

122 1287 173 1342 Illo
193 1291 271 1343 sonat
292 1306 346 1358 quo
366 1290 509 1344 mordetur
528 1289 629 1358 gallina
646 1289 753 1342 marito.

122 1365 200 1420 Haec
220 1365 316 1420 eadem
334 1366 398 1420 licot
419 1369 449 1420 ot
466 1365 546 1420 nobis
564 1364 691 1431 laudare;
713 1365 835 1420 sediliis

122 1441 258 1496 Creditur.
295 1442 341 1495 An
355 1443 452 1496 melior
468 1459 553 1511 quum
571 1441 676 1495 Thaida
688 1441 814 1512 sustinet,
826 1447 876 1497 aut
888 1459 974 1510 quum

121 1517 244 1572 Uxorem
262 1519 406 1573 comoedus
427 1520 484 1588 agit
499 1519 543 1573 vel
563 1517 668 1572 Dorida
682 1518 756 1572 nullo

121 1593 231 1648 Cultam
250 1594 379 1663 palliolol
415 1595 515 1650 Mulier
533 1611 632 1664 nempe
651 1595 712 1664 ipaa
728 1595 839 1654 videtur
950 1613 975 1652 eo

124 1668 151 1723 N
153 1686 188 1724 on
206 1687 322 1740 persona
341 1672 429 1740 ioqui:
452 1687 537 1725 vacua
557 1675 587 1724 ot
606 1671 688 1740 plana
706 1672 797 1726 omnia
815 1671 892 1727 dicas

121 1745 200 1800 Infra
219 1748 399 1802 ventriculum
419 1751 448 1802 et
475 1747 553 1802 tenui
574 1746 705 1801 distantia
723 1747 799 1804 rima

120 1822 147 1876 N
150 1839 181 1877 co
202 1827 294 1878 tamon
315 1819 478 1891 Antio'chus,
497 1839 548 1878 nec
568 1823 621 1877 erit
638 1823 770 1878 mirabilia
789 1824 843 1879 illio

121 1901 182 1954 Aut
200 1900 347 1954 Stratocles
362 1903 414 1954 aut
431 1916 492 1954 oum
510 1899 584 1953 molli
603 1899 761 1955 Demetrius
779 1901 902 1958 Haemo:

120 1975 147 2029 N
149 1976 205 2030 atio
223 1975 353 2030 comoeda
370 1980 420 2031 est.
458 1976 550 2042 Rides,
568 1975 673 2044 majore
690 1976 820 2032 cachinno
936 1993 970 2033 roo

121 2051 296 2119 Concutitur5
319 2052 368 2106 flet
386 2053 408 2106 ei
425 2053 550 2108 lacrimas
568 2052 711 2121 conspexit
728 2054 815 2123 amici,

120 2128 146 2182 N
148 2145 179 2182 oo
197 2129 290 2194 dolot3
312 2129 459 2197 igniculum
476 2129 589 2182 brumae
606 2127 629 2182 oi
647 2133 772 2198 temporo
787 2147 890 2201 poscae,

120 2205 231 2274 Accipit
248 2205 454 2272 endromidem
477 2207 499 2260 si
518 2206 628 2274 dixeris,
646 2209 750 2274 aestuo,
767 2207 857 2263 sudat.

115 2282 182 2350 'Non
199 2298 292 2335 sumus
309 2299 375 2351 ergo
392 2299 488 2351 pares:
512 2283 608 2336 melior
625 2283 671 2351 qui
689 2299 798 2353 semper
815 2287 846 2339 et
863 2285 934 2339 omni

119 2357 146 2411 N
148 2361 209 2412 octo
227 2357 325 2427 dicque
342 2363 435 2428 potest
451 2360 569 2414 alionum
587 2375 694 2414 sumere
711 2360 825 2430 vultum,
934 2377 968 2417 105

119 2435 146 2488 A
165 2433 234 2488 facio
246 2433 353 2503 jactare
370 2452 472 2503 manua,
491 2435 604 2490 laudaro
622 2428 735 2504 paratus

120 2511 149 2565 si
166 2511 237 2564 beno
253 2512 379 2580 ructavit,
397 2513 420 2566 si
437 2516 543 2567 rectum
561 2513 659 2566 minxit
677 2512 788 2580 amicus,

119 2586 148 2642 Si
166 2587 250 2641 trulla
266 2587 373 2642 inverso
391 2589 526 2657 crepitum
544 2588 622 2642 dedit
640 2605 723 2642 aurea
740 2588 832 2643 fundo.

120 2664 269 2718 Praeterea
286 2668 410 2719 sanctum
428 2665 495 2718 nihil
513 2669 556 2719 eat
573 2669 602 2719 et
620 2665 655 2719 ab
672 2664 783 2733 inguine
800 2667 907 2721 tutum:

119 2740 182 2795 Non
199 2744 324 2794 matrona
342 2741 427 2810 Lario,
445 2758 499 2794 non
516 2741 573 2795 filia
589 2741 675 2810 virgo,
693 2757 784 2810 neque
801 2741 860 2810 ipse
933 2756 966 2796 no

119 2817 241 2886 Sponsus
258 2817 326 2872 lovis
343 2817 440 2887 adhuc,
458 2835 513 2872 non
529 2818 602 2872 filius
619 2823 684 2872 anto
701 2818 825 2888 pudicus.
865 2855 869 2864 ³

119 2893 228 2948 Horum
245 2893 268 2946 si
285 2894 353 2948 nihil
371 2898 422 2962 ost,
441 2895 529 2948 aviam
546 2895 687 2963 resupinat
704 2895 791 2949 amici.

119 2968 195 3023 Scire
211 2969 306 3023 volunt
323 2975 429 3024 secreta
447 2970 544 3024 domus
561 2975 646 3040 atque
664 2971 729 3024 indo
746 2969 846 3026 timar'i.

119 3045 158 3100 Et
175 3045 301 3112 quoniam
319 3047 408 3114 coepit
426 3045 592 3100 Graecorum
609 3045 718 3113 montio,
735 3046 822 3100 transi

120 3120 267 3188 Gymnasia
283 3125 367 3190 atque
385 3122 450 3175 audi
468 3122 572 3175 facinus
589 3121 701 3190 majoris
719 3119 831 3176 abollae.
930 3137 963 3178 ut

119 3194 227 3250 Stoicus
244 3197 343 3252 occidit
361 3199 490 3254 Baream:
509 3198 617 3252 delator
634 3196 751 3252 amicum
