2164 3536
126 112 157 162 62
360 113 393 166 D.
408 116 428 166 J
429 113 515 166 UNII
531 109 742 162 JUVENALIS

125 201 205 272 Ipsas
223 201 323 258 deinde
340 206 415 260 ratas
432 204 560 272 bigarum
575 202 697 274 impacta
713 202 814 260 secans

126 278 233 347 Caedit,
245 283 275 334 st
291 279 435 335 immeritis
450 281 617 349 franguntm
633 297 716 336 crura
732 279 852 336 caballis.
951 292 976 332 so

123 353 144 406 J
146 371 190 409 am
207 353 330 410 stridunt
346 356 431 425 ignes,
444 355 506 424 jam
522 355 631 410 follibus
649 361 734 426 atque
750 357 866 412 caminis

125 431 217 486 Ardet
234 431 378 486 adoratum
395 432 495 502 populo
513 435 605 502 caput,
622 436 653 506 ot
669 437 767 504 crepat
783 433 881 502 ingens

118 506 257 575 Cejanus:
276 506 379 562 deinde
397 526 432 564 ex
449 508 520 564 faeie
537 511 597 564 toto
614 508 681 564 orbe
698 508 819 566 secunda

124 582 209 637 Fiunt
224 583 334 653 urceoli,
351 585 452 654 pelves,
470 588 587 653 sartago,
605 585 733 655 patellae.

124 658 199 714 Pone
217 659 291 714 domi
308 660 407 730 lamos,
425 660 479 715 duc
495 660 525 714 in
544 660 680 730 Capitolia
697 669 828 732 megnrmr
951 674 975 716 u

123 736 321 806 cretatumque
337 737 453 792 boreum
471 735 586 806 Sejanus
603 737 714 794 ducitur
730 755 801 794 unco

123 812 311 883 Spectandae:
329 813 451 882 gaudent
469 829 570 872 omncs.
606 813 707 880 “Quae
723 815 816 872 labra!
835 815 898 884 quis
914 814 954 870 illi

122 887 223 943 Vultus
241 892 315 946 erat!
332 907 480 959 nunquam,
498 891 521 946 si
539 889 607 960 quid
623 889 690 946 mihi
708 891 805 958 credis
823 891 914 945 amari

122 963 206 1019 Hunc
222 965 359 1020 hominem
367 987 374 1032 ;
390 966 441 1020 sed
457 983 511 1034 quo
527 965 628 1021 cecidit
638 965 690 1020 sub
704 967 833 1022 crimine?
847 966 973 1036 quisnam

122 1039 244 1110 Delator,
262 1042 361 1112 quibus
377 1041 493 1110 indiciis,
513 1058 568 1111 quo
584 1045 659 1098 teste
676 1042 846 1112 probaritl''
950 1059 974 1100 ro

89 1149 90 1152 =
123 1117 192 1172 “Nil
209 1117 323 1173 horum:
341 1117 457 1174 uerbosa
475 1123 505 1173 et
522 1119 633 1187 grandis
651 1119 768 1189 epistola
784 1118 861 1174 venit

123 1194 150 1248 A
163 1194 298 1264 Capreis?
310 1196 326 1223 “
334 1194 519 1262 Benehabot3
531 1187 569 1248 nil
581 1195 642 1264 plus
653 1195 819 1263 interrogo.''
837 1194 895 1250 Sed
906 1195 974 1264 quid

122 1270 214 1326 'lurba
230 1271 330 1327 Remil
366 1271 497 1341 Sequitur
513 1271 652 1326 fortunam
669 1275 702 1326 ut
719 1287 836 1342 semper,
848 1275 879 1327 et
896 1272 958 1328 odit

122 1348 281 1404 Damnatus.
316 1347 396 1403 Idem
414 1348 536 1417 populus,
554 1347 578 1402 si
595 1347 798 1402 Nurtia·Tusco

122 1423 252 1493 Favissel,
271 1425 294 1480 si
311 1441 441 1495 oppressa
457 1425 529 1478 foret
545 1439 642 1478 secura
658 1425 783 1480 senectus
950 1438 973 1479 ⁷⁵
1055 1446 1059 1455 ·

122 1501 263 1570 Principis,
281 1499 332 1554 hac
348 1500 408 1570 ipsa
426 1498 556 1567 sejanum
574 1498 679 1556 diderat
695 1498 786 1554 hora,

122 1579 287 1646 Augentum.
321 1576 341 1630 J
343 1593 388 1630 am
405 1575 521 1646 pridem,
539 1591 575 1630 ex
593 1592 647 1644 quo
665 1574 795 1644 suffragia
811 1573 880 1630 nulli

122 1653 281 1722 Vendimus,
299 1651 396 1708 effudit
412 1667 500 1708 ouras
536 1651 608 1708 Nam
626 1651 674 1722 qui
691 1651 776 1706 dabat
792 1651 856 1706 olim

122 1729 281 1799 imperium,
298 1729 394 1796 fasces
412 1727 541 1797 legiones,
559 1728 656 1795 omnia,
674 1744 748 1782 nuno
764 1744 794 1782 se

122 1807 250 1862 Continet
268 1807 352 1874 atque
370 1805 438 1858 duas
455 1809 564 1860 tantmn
582 1821 626 1858 res
644 1803 740 1858 anxius
758 1807 843 1874 optat,
947 1820 973 1859 so

122 1876 224 1938 Panem
241 1886 271 1938 et
288 1881 435 1936 Circenses
471 1880 637 1934 “Perituros
655 1879 736 1934 audio
754 1880 878 1936 mutam

122 1959 191 2013 “Nil
200 1958 332 2014 dubium:
349 1974 449 2027 magna
466 1961 510 2012 est
528 1957 681 2011 fornacula:
700 1955 846 2026 pallidulus
862 1957 901 2012 mi

121 2035 263 2090 Brutidius
280 2051 357 2090 meus
374 2033 411 2091 ad
429 2033 529 2088 Martis
545 2033 599 2090 fuit
616 2032 710 2087 obvim
728 2049 810 2090 aram.

122 2113 209 2178 Quam
226 2112 310 2167 timeo
328 2111 416 2166 vietus
434 2126 470 2164 ns
486 2127 587 2180 poenas
599 2111 693 2178 exigat
711 2108 793 2178 Ajax,

121 2188 162 2244 Ut
179 2189 250 2243 male
267 2187 411 2242 defensus!
449 2186 596 2241 Cum-amus
613 2185 785 2256 praecipites,
803 2187 832 2242 et
945 2201 970 2242 ao

121 2265 194 2320 Dum
206 2264 283 2334 jacet
299 2264 328 2318 in
343 2263 405 2334 ripa
421 2263 556 2318 calcemus
575 2261 698 2316 Caesaris
716 2260 830 2316 hostem.

25 2397 28 2401 .
121 2341 177 2396 Sed
194 2341 307 2396 rideant
325 2341 403 2408 servi,
419 2356 455 2394 ue
472 2339 533 2409 quis
551 2339 635 2406 neget
655 2339 685 2392 et
702 2336 833 2407 paridmn
848 2337 940 2406 injus

121 2418 233 2474 Ceruiee
251 2417 383 2474 obstricta
401 2415 542 2470 dominum
561 2413 678 2470 trahat'’
714 2411 754 2466 Hi
773 2429 909 2468 sermones

120 2495 196 2550 'l'unc
215 2494 251 2549 de
270 2493 375 2562 sejano,
394 2495 502 2548 secreta
519 2493 586 2546 haec
605 2506 745 2544 murmura
762 2487 843 2557 uulgi.

120 2571 206 2626 Visne
225 2569 337 2626 salutari
358 2570 429 2624 deut
448 2567 580 2638 Sejanusl
597 2565 698 2620 habere
745 2594 748 2602 ·
945 2582 970 2622 ao

120 2645 297 2714 Tantundem
321 2651 404 2716 atque
419 2645 458 2700 illi
478 2661 597 2700 summas
618 2643 720 2696 donare
741 2641 856 2711 curules,

119 2724 202 2780 Illum
221 2723 388 2780 exercitibus
406 2721 594 2792 praeponeret
612 2723 690 2774 tutor
706 2717 801 2772 haberi

120 2800 253 2870 Principis
273 2803 390 2870 angusta
406 2800 574 2869 Caprearum
592 2797 621 2850 in
642 2812 711 2866 rupe
731 2793 853 2850 sedentis

120 2878 189 2933 Cum
206 2893 290 2958 grege
309 2876 466 2932 Chaldaeol
502 2875 551 2932 Vis
568 2876 644 2929 certe
657 2871 726 2955 pila,
744 2869 879 2938 cohortes,

119 2945 250 3014 Egregros
268 2945 375 3012 equites
393 2949 423 2999 ot
440 2947 530 2998 castra
547 2943 703 2996 domestica
740 2939 840 3005 Quidni
943 2953 969 2994 oo

119 3020 198 3074 Haec
215 3019 328 3088 cupissl
346 3024 376 3074 et
396 3019 444 3088 qui
462 3017 558 3072 uolunt
578 3015 702 3071 occidero
720 3030 875 3084 quenquam

120 3095 203 3148 Posse
214 3094 316 3148 volunt.
352 3093 407 3148 Sed
419 3110 490 3163 quae
507 3092 647 3162 praeclara
664 3095 694 3145 et
710 3107 842 3162 prospera
858 3093 968 3148 tantum
1064 3153 1065 3160 χ

117 3168 160 3223 Ut
176 3169 258 3226 rubus
276 3168 357 3224 laetis
374 3185 425 3238 par
441 3169 478 3224 sit
494 3184 622 3224 mensura
641 3167 795 3224 maloruml
