2126 3532
435 148 569 198 SATIRA
584 147 666 200 XIV.
725 165 731 173 ’
937 151 971 200 86

111 240 240 298 Bullatus
257 251 397 308 parvoque
415 235 513 290 eadem
530 239 623 291 movet
641 251 717 292 anna
733 235 837 292 fritillo.
959 252 972 294 s

111 318 171 374 Noc
188 315 286 371 melius
304 313 339 368 de
358 329 388 368 se
405 312 534 382 cuiquam
552 329 664 383 sperare
681 313 835 384 propinquo

111 392 254 450 Concedet
267 389 386 460 juvenis,
404 390 452 459 qui
469 389 568 444 radere
585 388 685 446 tubera
701 393 802 460 terrae,

111 470 249 542 Boletum
260 465 372 522 condire
390 471 420 520 et
437 465 534 520 eodem
548 466 614 534 jure
631 469 759 520 natantes

110 547 241 616 Mergane
258 541 390 604 ficedulas
407 541 512 608 didicit,
530 542 667 598 nebulone
684 554 801 612 parente

110 623 150 679 lit
169 639 238 678 cana
255 621 428 676 monstrante
445 619 517 687 gula
552 617 643 681 Quum
661 619 795 688 septimus
812 637 900 677 annus
946 638 969 694 re

110 698 261 754 'lransierit
278 713 372 767 puero,
391 694 513 750 nondum
535 695 609 750 omni
627 695 712 750 dente
730 701 835 767 renato,

110 775 247 831 Barbatos
264 773 331 828 licet
348 771 493 826 admoveas
510 771 585 826 mille
602 770 669 826 inde
686 773 831 842 magistros

111 851 185 907 Hine
202 850 328 915 totidem
345 849 440 918 cupiet
452 847 533 902 lauto
552 864 669 903 coenare
686 852 787 918 paratu

110 929 226 1000 Semper
243 931 274 983 et
291 943 309 981 a
325 941 426 994 magna
442 941 497 980 non
515 925 685 994 degenerare
703 926 809 986 culina*

109 1005 209 1061 Mitem
225 1005 348 1060 mimum
366 1006 396 1056 et
412 1016 503 1056 mores
520 1002 635 1056 modicis
652 1003 789 1059 erroribus
806 1021 909 1075 aequos
944 1021 968 1059 15

110 1081 251 1153 Praecipit
268 1085 354 1150 atque
370 1079 475 1146 animas
492 1093 634 1134 servorum
652 1083 682 1134 et
699 1097 814 1150 corpora
830 1085 925 1138 nostra

109 1158 230 1214 Materia
246 1162 374 1212 constare
391 1159 474 1226 putat
489 1155 659 1226 paribusque
676 1156 828 1228 elementis,

109 1238 157 1290 An
173 1235 278 1290 saevire
296 1233 377 1288 docet
395 1231 513 1298 Rutilus,
532 1231 580 1301 qni
597 1233 702 1301 madet
719 1233 818 1289 acerbe

109 1310 257 1380 Plagarurn
275 1310 395 1378 strepitu
412 1312 442 1363 et
459 1308 563 1362 nullam
581 1308 677 1363 Sirena
694 1310 808 1379 flagellis

109 1388 265 1458 Comparat,
280 1384 448 1455 Antiphaten
461 1384 564 1456 trepidi
577 1385 699 1441 Larisae
713 1387 903 1460 Polyphemus,
941 1405 967 1446 so

108 1463 179 1518 'lum
197 1464 266 1519 felix
287 1462 395 1534 quoties
415 1461 513 1531 aliquis
536 1465 642 1516 tortore
661 1467 757 1518 uocato

108 1540 208 1596 Uritur
226 1540 335 1595 ardenti
355 1539 410 1594 duo
429 1543 543 1609 propter
561 1539 648 1594 lintea
666 1539 757 1597 lerml

109 1616 183 1683 Quid
201 1616 301 1672 suadet
315 1616 412 1687 juveni
430 1616 521 1670 laetus
540 1615 660 1672 stridore
679 1621 799 1688 catenae,

108 1691 197 1759 Quem
215 1693 285 1749 mire
303 1694 424 1748 afficiunt
441 1691 576 1762 inscripta
593 1693 739 1762 ergastula,
761 1711 854 1752 carcer

107 1767 255 1825 Rusticusl
291 1769 442 1839 Exspectas
461 1777 567 1826 utnon
586 1768 623 1826 sit
642 1769 771 1826 adultera
789 1772 896 1842 Largae
940 1789 964 1828 25

106 1843 185 1915 Filia,
205 1863 276 1916 quae
294 1863 433 1915 nunquam
452 1849 592 1900 maternos
613 1846 705 1902 dicere
724 1849 850 1904 moechos

106 1921 172 1977 Tam
191 1923 248 1978 cito
266 1939 318 1977 nec
336 1925 415 1976 tanto
433 1923 539 1990 poterit
556 1927 706 1978 contexere
726 1941 808 1982 cursu

105 1997 148 2054 Ut
164 2015 220 2053 non
236 2003 282 2054 ter
301 1997 392 2054 decies
411 1999 544 2068 respiretl
580 1999 695 2054 Conscia
713 2003 796 2056 matri

105 2074 193 2144 Virgo
211 2075 281 2142 mia
299 2091 375 2130 ceras
396 2091 468 2130 nunc
487 2075 538 2130 hac
558 2074 681 2132 dictante
700 2077 815 2148 pusillas

106 2151 218 2222 Implet,
237 2155 267 2208 et
285 2151 322 2207 ad
340 2152 484 2208 moechum
504 2151 554 2208 dut
574 2152 677 2208 eisdem
697 2154 771 2210 ferre
789 2155 917 2214 cinaedis.
936 2175 962 2214 oo

105 2228 150 2283 Sic
168 2232 268 2283 natura
281 2227 376 2298 jubet:
396 2229 514 2282 velocius
534 2231 564 2282 et
582 2227 664 2284 citius
684 2245 734 2284 nos

105 2305 292 2376 Corrumpunt
309 2305 438 2361 vitiorum
456 2303 584 2374 exempla
602 2303 760 2374 domestica,
779 2309 885 2377 magnis

105 2381 196 2447 Quum
215 2380 335 2437 subeunt
353 2382 457 2436 animos
476 2380 642 2435 auctoribus.
678 2381 758 2436 Unus
776 2387 807 2438 et
825 2385 897 2440 alter

104 2456 233 2513 Forsitan
251 2458 320 2514 haee
342 2462 475 2529 spernant
494 2457 619 2526 juvenes,
639 2457 738 2528 quibus
759 2463 821 2516 arte
841 2461 960 2531 benigna

102 2533 142 2589 nt
161 2535 274 2590 meliore
294 2533 354 2590 luto
373 2535 453 2590 finxit
471 2533 634 2604 praecordia
653 2534 749 2602 'litam
935 2555 959 2593 so

102 2609 160 2665 Sed
179 2611 301 2681 reliquos
321 2611 453 2681 fugienda
471 2615 582 2680 patrum
600 2609 718 2680 vestigia
737 2611 850 2682 ducunt,

103 2686 140 2741 nt
160 2691 315 2742 monstrata
334 2687 382 2744 diu
400 2689 501 2742 veteris
520 2686 608 2742 trahit
627 2686 720 2742 orbita
737 2688 842 2758 culpae

103 2761 253 2820 Abstineas
272 2765 358 2834 igitur
376 2764 554 2830 damnandis;
572 2762 656 2832 hujus
673 2764 747 2818 enim
766 2765 810 2820 vel

102 2837 168 2893 Una
185 2843 284 2908 potens
303 2842 374 2896 ratio
392 2845 443 2909 est,
462 2859 498 2896 nc
517 2840 631 2895 crimina
648 2841 744 2894 nostra
763 2844 915 2911 sequantur

102 2913 146 2970 lix
164 2915 244 2971 nobis
261 2917 362 2985 geniti:
380 2919 508 2988 quoniam
528 2915 631 2970 dociles
650 2914 791 2970 imitandis
932 2934 957 2973 eo

102 2990 239 3061 'l'nrpibus
257 3009 290 3048 ac
309 2994 401 3063 pravis
420 3010 514 3049 omnes
532 3009 634 3061 sumus,
654 2995 685 3047 et
706 2991 853 3048 Catilinam

102 3068 273 3139 Quocunque
292 3069 321 3124 in
342 3071 442 3140 populo
460 3069 746 3138 videasfquocunque
769 3067 820 3123 sub
839 3086 909 3136 axc;

102 3142 158 3199 Sed
177 3144 353 3202 necIBrutus
371 3146 425 3202 erit
443 3145 524 3200 Bruti
543 3161 594 3200 neo
611 3143 761 3198 avunculus
780 3160 902 3213 usquam.
967 3137 1015 3204 s

100 3220 149 3278 Nil
170 3220 248 3278 dictu
260 3221 380 3280 ,foedum
398 3221 513 3292 uisuque
530 3220 598 3298 liaeo
616 3220 711 3293 limina
730 3223 829 3294 tangat
940 3212 963 3252 s
