2126 3532
129 137 180 185 110
397 135 431 184 A.
450 133 571 183 PERSH
589 135 719 186 runem

130 225 185 279 Sed
203 225 299 294 stupet
313 223 360 278 iric
377 222 455 291 vitio,
473 222 549 278 fibris
566 224 682 280 increvit
699 225 826 296 opimum

129 301 242 370 Pingue,
261 304 338 355 caret
355 299 442 368 culpa,
460 301 548 356 nescit
567 301 634 370 quid
651 303 761 371 perdat,
781 312 813 360 ot
830 305 898 360 alto

128 379 275 432 Demersus
293 394 400 432 summa
417 393 510 432 rursus
527 395 583 432 non
599 378 682 434 bullit
699 379 727 433 in
745 382 830 436 unda.

128 456 229 524 Magna
246 459 326 524 pater
343 455 445 523 divum,
462 471 557 510 saeros
574 456 672 526 punire
689 459 824 526 tyrannos
985 475 1016 512 a·

128 533 213 586 Haud
231 533 285 588 alia
302 532 409 588 ratione
426 532 501 602 velis,
519 549 581 588 curn
600 533 660 588 dira
677 533 763 589 libido

128 609 247 664 Moverit
264 609 403 678 ingenium
420 609 538 664 ferventi
554 608 642 664 tincta
658 627 775 667 veneno:

127 685 267 742 Virtutem
285 686 397 741 videant
413 685 641 756 intabescantque
659 686 764 743 relicta.

128 765 209 818 Anne
226 763 312 833 magis
330 763 413 818 Siculi
429 767 594 829 gemuerunt
611 779 675 818 aera
687 762 809 833 juvenci,

126 841 164 896 lit
180 841 267 910 magis
286 839 388 895 auratis
405 838 529 909 pendens
546 839 722 910 laquearibus
739 841 812 896 ensis
984 860 1005 896 so

127 916 284 988 Purpureas
302 917 397 970 subter
414 916 534 971 cervices
551 917 659 981 terruit
677 915 782 984 “Imus

127 993 204 1048 Imus
222 991 409 1064 praecipites,”
426 1009 509 1062 quam
526 993 549 1048 si
567 993 618 1048 sibi
636 993 718 1061 dicat,
736 992 861 1048 otiatus

126 1070 234 1126 Palleat
251 1070 344 1124 infelix
364 1069 439 1139 quod
456 1069 582 1138 proxima
593 1069 703 1124 nesciat
720 1071 805 1124 uxori

126 1146 215 1218 Saepe
233 1147 330 1212 oculos,
349 1147 469 1213 memini,
487 1147 634 1214 tangebam
650 1161 750 1215 parvus
767 1145 847 1214 olivo,

126 1224 249 1279 Grandia
267 1224 289 1278 si
307 1224 408 1278 nollem
425 1223 552 1278 morituri
569 1224 655 1277 rerba
673 1222 785 1278 Catonis

125 1299 231 1364 Dicere,
249 1317 303 1356 non
321 1317 387 1355 sano
404 1300 521 1354 multum
539 1299 678 1354 laudanda
695 1299 834 1369 magistro,

126 1378 202 1443 Quae
219 1382 300 1448 pater
316 1377 443 1431 adductis
460 1375 563 1430 sudans
581 1377 690 1432 audiret
701 1377 806 1431 amicis

125 1453 143 1507 J
146 1471 196 1508 ure
213 1455 315 1509 etenim
332 1455 363 1508 id
380 1468 525 1521 summum,
544 1451 612 1521 quid
630 1451 729 1508 dexter
746 1453 829 1526 senio
840 1454 932 1510 ferret

124 1531 207 1598 Scire,
226 1537 286 1587 erat
304 1532 332 1586 in
350 1535 429 1598 voto;
454 1531 585 1585 damnosa
601 1529 724 1586 canicula
740 1535 876 1599 quantum

125 1607 263 1674 Raderet3
287 1612 419 1678 angustae
437 1606 506 1661 collo
523 1623 577 1661 non
594 1608 684 1663 fallier
701 1623 795 1674 orcae;
961 1625 986 1661 so

125 1683 187 1738 Neu
204 1685 265 1754 quis
283 1684 406 1738 callidior
423 1683 527 1737 buxum
545 1687 676 1754 torquere
693 1684 805 1753 flagello

87 1827 89 1834 γ
124 1760 209 1815 Haud
226 1759 279 1815 tibi
296 1761 471 1829 inexpertum
489 1775 586 1813 curuos
603 1760 776 1830 deprendere
793 1777 891 1825 mores,

124 1837 255 1908 Quaeque
273 1837 355 1892 docet
374 1836 481 1908 sapiens
497 1835 634 1891 braccatis
651 1837 722 1892 illita
738 1837 831 1892 Medis

124 1911 257 1982 Porticus,
275 1914 406 1968 insomnis
423 1911 522 1982 quibus
540 1917 570 1968 et
587 1913 705 1970 detonsa
716 1912 849 1982 juventus

124 1989 259 2060 Invigilat,
278 1990 383 2058 siliquis
400 1992 429 2044 et
445 1989 544 2058 grandi
560 1995 642 2062 pasta
658 1991 784 2062 polenta;
954 2007 979 2045 aa

123 2068 159 2122 Et
176 2067 228 2122 tibi
245 2084 316 2138 quae
334 2067 439 2122 Samios
457 2067 568 2122 diduxit
585 2068 680 2123 littera
697 2084 774 2122 ramo

122 2145 284 2213 Surgentem
303 2144 404 2199 dextro
420 2145 583 2200 monstrarit
600 2144 688 2199 limite
706 2144 816 2201 callem:

123 2220 222 2276 Stertis
239 2221 336 2289 adhuc,
354 2221 504 2290 laxumque
521 2225 605 2290 capnt
621 2237 753 2290 compage
771 2223 861 2277 soluta

122 2297 228 2353 Oscitat
244 2297 412 2364 hesternum,
431 2297 542 2351 dissutis
560 2297 682 2366 undique
699 2299 785 2355 malis.

121 2374 172 2428 Est
189 2374 293 2444 aliquid
311 2391 365 2444 quo
382 2373 475 2428 tendis
492 2377 522 2428 et
538 2373 567 2426 in
585 2374 661 2442 quod
678 2373 774 2444 dirigis
792 2378 900 2430 arcum?
946 2391 970 2427 oo

122 2451 168 2504 An
185 2451 287 2521 passim
304 2450 427 2519 sequeris
445 2465 539 2504 corros
556 2453 684 2520 testaque
701 2451 814 2522 lutoque

120 2527 238 2582 Quum
255 2539 308 2598 quo
325 2543 376 2597 pes
392 2527 472 2596 ferat,
490 2531 575 2597 atque
592 2543 627 2582 ex
645 2531 771 2598 tempore
788 2528 873 2584 virini

156 2603 334 2659 Helleborum
351 2603 453 2658 frustra
470 2619 532 2659 cum
546 2604 606 2674 jam
623 2605 695 2660 cutis
712 2621 795 2675 aegra
810 2605 923 2662 tumebit

120 2681 267 2735 Poscentes
284 2680 392 2736 rideas:
415 2680 535 2736 venienti
553 2683 689 2737 occurrite
705 2683 815 2737 morbo:

120 2758 158 2814 ut
175 2758 242 2828 qnid
260 2775 329 2829 opus
347 2757 463 2812 Cratero
479 2775 593 2828 magnos
610 2759 774 2830 promittere
790 2761 905 2815 montast
937 2777 959 2814 es

120 2833 232 2903 Discite,
250 2834 277 2889 io
294 2834 394 2901 miseri,
412 2837 442 2888 et
458 2851 555 2890 causas
571 2837 727 2905 cognoscite
744 2851 844 2904 rerum,

120 2908 194 2976 Quid
210 2927 310 2978 sumus,
327 2914 377 2965 aut
393 2909 525 2977 quidnam
537 2911 640 2965 'victuri
658 2913 810 2980 gignimur;
834 2912 896 2966 ordo

118 2984 187 3048 Quis
204 2984 293 3052 datus,
311 2989 341 3039 et
357 2990 449 3040 metae
464 2999 519 3054 qua
535 2987 625 3040 mollis
641 2988 728 3042 flexus
744 2991 774 3043 et
791 2988 876 3053 unde;

120 3059 187 3124 Quis
203 3060 301 3113 modus
318 3065 438 3128 argento,
456 3059 524 3129 quid
540 3062 581 3114 ias
596 3066 702 3132 optare,
720 3061 788 3132 qnid
804 3079 881 3134 asper

121 3134 196 3188 Utile
213 3149 340 3188 nummus
357 3135 456 3200 habet;
479 3136 587 3205 patriae
604 3139 729 3206 carisque
747 3137 897 3207 propinquis
929 3155 953 3194 ro

121 3208 261 3262 “uantum
275 3209 385 3276 elargiri
403 3210 516 3277 deceat3
539 3223 622 3277 quem
639 3215 670 3267 te
688 3213 764 3267 Deus
781 3227 841 3268 esse
