2134 3536
433 132 570 184 samaa
586 132 620 186 v.
689 183 692 189 Α
928 132 959 194 aa

102 220 185 276 Inter
202 236 251 276 vos
268 218 377 289 quoties
393 217 611 288 libertorumque
627 217 768 274 cohortem

103 298 202 367 Pugna
218 296 369 365 Semmtim
384 297 474 354 fervet
490 295 635 354 commissa
651 294 759 363 lagena,

43 438 47 442 ,
103 374 171 444 Ipse
189 373 315 443 capillato
333 372 462 430 diffusum
481 371 598 428 (lonsule
615 375 695 440 putat
936 385 960 425 so

103 449 301 519 (inlectumque
316 451 395 506 tenet
411 449 492 504 bellis
510 447 653 504 socialibus
671 463 760 516 uvam,

104 525 238 582 (laudiaco
255 542 395 594 nunquam
413 525 542 594 cyathum
558 524 691 580 missurus
715 523 809 580 amico.

104 603 174 658 Cras
192 601 269 656 bibet
287 602 404 658 Albanis
421 601 526 670 aliquid
543 601 580 656 dc
597 599 736 654 montibus
754 603 803 656 aut
820 599 856 656 do
955 601 959 606 '

104 678 214 746 Setinis,
232 678 311 748 cujus
328 679 448 749 patriam
466 677 632 747 titulumque
649 679 775 732 senectus

104 755 215 810 Delevit
231 755 319 809 multa
336 755 437 810 veteris
454 753 568 822 iuligine
585 757 693 818 testae;
933 769 960 808 as

105 831 192 898 Quale
208 831 331 888 coronati
349 830 468 886 Thrasea
486 829 687 900 Helvidiusque
704 823 838 884 bibebant

104 908 254 966 Brutorum
269 909 304 966 et
320 907 398 964 Cassi
414 907 559 962 natalibus.
597 905 663 974 Ipse
680 921 792 975 capaces

104 985 256 1042 Heliadum
273 987 381 1040 crustas
399 987 428 1041 et
445 982 603 1052 inaequales
620 981 723 1051 beryllo

103 1061 190 1115 Virro
206 1062 284 1118 tenet
301 1060 420 1130 phialas:
445 1059 497 1116 tibi
513 1075 567 1116 nou
584 1057 767 1114 committitur
783 1076 895 1126 aurum3

103 1137 167 1204 Vel,
185 1137 336 1208 siquando
354 1137 444 1206 datur,
463 1139 554 1192 custos
572 1135 668 1190 affixus
685 1133 788 1190 ibidem
934 1153 958 1192 so

104 1214 160 1278 Qui
177 1216 304 1270 numeret
319 1229 448 1280 gemmas,
466 1229 572 1280 ungues
589 1211 716 1266 observet
733 1216 833 1268 acutos

103 1291 149 1346 Da
166 1289 286 1344 veniam:
311 1290 452 1358 praeclara
470 1288 526 1342 illic
543 1287 673 1342 laudatur
690 1285 782 1356 iaspis,

104 1367 179 1421 Nam
197 1365 286 1434 Virro,
306 1369 339 1420 ut
355 1365 444 1433 miulti,
462 1380 586 1434 gemmas
603 1363 639 1416 ad
656 1361 752 1432 pocula
769 1363 902 1420 transfert

105 1438 135 1492 A
152 1437 254 1508 digitis,
272 1458 341 1511 quas
359 1441 387 1496 iu
404 1441 519 1510 vaginae
536 1441 627 1495 fronte
645 1438 752 1494 solebat

104 1514 212 1570 Ponere
229 1517 353 1588 zelotypo
367 1517 478 1586 juvenis
495 1517 635 1588 praelatus
654 1513 762 1571 Iarbas
935 1532 960 1574 ss

104 1592 147 1646 Fu
165 1591 353 1649 Beneventani
369 1594 470 1648 sutoris
486 1610 585 1650 nomeu
602 1591 751 1646 habentem

105 1667 226 1724 Siccabis
244 1671 355 1726 calicem
372 1687 500 1726 nasorum
517 1673 643 1740 quatuor,
661 1685 693 1722 ac
706 1667 766 1738 jam

105 1743 270 1808 Quassatam
288 1749 318 1802 et
334 1751 417 1816 rupto
435 1750 591 1816 poscentem
609 1745 712 1800 sulfura
730 1746 809 1802 vitro.

105 1820 135 1875 Si
153 1822 308 1878 stomachus
325 1823 428 1879 domini
445 1824 534 1878 fervet
550 1823 669 1892 vinoque
687 1820 808 1892 ciboque,

105 1896 243 1966 Frigidior
261 1899 364 1954 Geticis
382 1900 486 1969 petitur
503 1899 617 1956 decocta
633 1898 750 1970 pruinis:
934 1918 959 1957 so

104 1972 169 2026 Non
186 1974 283 2031 eadem
300 1975 376 2031 vobis
394 1977 460 2047 poni
477 1976 558 2032 modo
575 1975 638 2030 vina
656 1974 809 2042 querebarl

105 2048 163 2103 Vos
178 2049 259 2105 aliam
276 2052 379 2122 potatis
396 2069 503 2122 aquam.
539 2051 599 2106 Tibi
616 2049 713 2122 pocula
731 2067 825 2106 cursor

106 2124 241 2182 Gaetulus
259 2127 338 2182 dabit
355 2132 404 2184 aut
421 2129 494 2197 nigri
511 2145 608 2182 manus
626 2142 704 2182 ossea
720 2125 818 2195 Mauri,

105 2201 143 2257 Ft
159 2203 202 2257 cui
219 2220 270 2274 por
286 2205 407 2260 mediam
424 2206 494 2261 nolis
512 2221 653 2258 occurrere
676 2206 786 2258 noctem

106 2279 232 2334 clivosae
248 2281 356 2336 veheris
374 2281 441 2338 dum
458 2300 508 2353 per
525 2283 701 2336 monumenta
719 2279 842 2336 Latinae.
933 2299 958 2338 ss

106 2354 171 2409 Flos
189 2357 273 2412 Asiae
290 2361 355 2412 ante
372 2357 469 2428 ipsum,
487 2355 577 2428 pretio
594 2355 700 2424 majore
717 2359 830 2426 paratus

107 2430 195 2496 Quam
212 2433 265 2488 fuit
282 2437 312 2488 et
329 2434 399 2488 'lulli
416 2451 513 2490 census
529 2433 661 2503 pugnacis
677 2434 707 2488 et
724 2431 796 2488 Anci

106 2507 150 2575 llt,
168 2525 204 2562 ne
221 2512 251 2564 te
268 2512 385 2579 teneam,
404 2512 589 2566 Romanorum
607 2509 697 2564 omnia
714 2525 811 2578 regum

106 2583 223 2639 Frivola
260 2585 340 2652 Quod
358 2605 443 2655 quum
460 2587 500 2642 ita
511 2587 555 2656 sit,
566 2589 598 2641 tu
611 2586 758 2642 Gaetulum
771 2587 957 2657 Ganymedem
1023 2652 1025 2658 ¹

107 2661 223 2730 Respice
240 2679 326 2732 quum
344 2663 426 2720 sities
462 2664 559 2719 Nescit
576 2666 619 2718 tot
637 2663 757 2718 millibus
775 2666 865 2720 emtus
933 2681 957 2720 oo
977 2727 980 2731 ,

106 2737 278 2807 Pauperibus
295 2738 410 2794 miscere
427 2758 513 2810 puer:
531 2739 582 2796 sed
599 2740 694 2808 forma,
713 2739 763 2794 sed
780 2743 856 2796 aetas

106 2811 197 2882 Digna
214 2815 364 2883 supercilio.
400 2816 514 2882 Quando
532 2816 569 2870 ad
585 2819 615 2871 te
633 2815 758 2888 pervenit
774 2815 839 2872 illel
905 2878 909 2885 ,

107 2887 222 2954 Quando
239 2893 352 2944 vocatus
371 2892 452 2947 adest
469 2892 573 2948 calidae
590 2893 752 2962 gelidasque
769 2893 910 2952 ministerl

106 2965 213 3034 Quippe
230 2964 389 3035 indignatur
405 2969 493 3026 veteri
510 2985 606 3038 parere
624 2969 725 3038 clienti,

106 3040 241 3110 Quodque
258 3042 363 3113 aliquid
379 3062 475 3115 poscas
493 3049 522 3100 et
546 3045 620 3115 quod
637 3063 667 3101 se
691 3049 783 3102 stante
806 3047 956 3104 recumbas,

105 3117 228 3173 Maxima
246 3135 370 3188 quaeque
389 3121 486 3176 domus
504 3123 588 3177 servis
607 3125 649 3177 est
666 3123 747 3193 plena
765 3123 898 3194 superbia
931 3139 956 3177 oe

106 3193 176 3247 Ecce
193 3193 262 3248 alius
279 3199 382 3264 quanto
398 3197 524 3266 porrexit
540 3212 680 3252 murmure
695 3214 795 3268 panem
