2134 3536
129 119 142 165 6
362 115 394 164 D.
414 115 521 166 JUNII
537 115 747 166 JUVENALIS

129 211 226 277 Atque
244 207 389 278 supercilio
406 207 516 262 brevior
535 222 618 260 coma
654 205 755 260 Verius
773 221 839 274 ergo
971 219 996 262 ιε

129 284 166 338 Et
183 284 270 352 magis
289 285 408 352 ingenus
428 283 611 338 Peribomius:
631 281 703 337 hune
723 281 856 351 eguistis

129 360 249 430 Imputo‚
269 359 316 428 qni
335 360 414 414 vultu
432 357 557 413 morbum
577 358 739 428 incessuque
757 358 875 412 fatetur:

129 436 237 490 Horum
256 435 416 506 simplicitas
434 435 609 500 miserabilis;
628 435 670 488 his
688 435 765 490 furor
783 433 843 504 ipse

128 511 186 567 Dat
203 512 319 567 veniam.
356 513 413 566 Sed
430 512 539 582 pejores
558 511 605 580 qui
623 511 691 566 talia
709 509 801 566 verbis

128 588 256 642 Herculis
274 589 407 643 invadunt
426 593 455 644 et
476 589 512 642 dc
531 587 632 642 virtute
651 587 735 642 locuti
966 602 993 641 ac

128 664 243 719 Clunem
254 666 368 732 agitant.
405 666 498 734 “Ergo
510 668 540 719 te
551 669 699 732 serentem,
712 664 805 732 Sexte,
817 663 978 719 vereborl”

128 741 242 796 infamis
260 742 381 796 Varillus
402 742 455 798 ait:
476 742 550 810 “qno
569 741 691 798 deterior
711 740 781 796 tcl''

128 818 286 888 Loripidem
299 822 392 873 rectus
413 818 548 886 derideat,
569 818 736 887 Aethiopem
758 815 843 872 albus

129 894 196 960 Quis
216 895 312 956 tulerit
334 895 471 950 Gracchos
492 895 528 950 de
549 895 684 950 seditione
703 894 869 963 querentesl

129 971 196 1035 Quis
214 972 319 1026 caelum
336 971 420 1026 terris
438 987 493 1025 non
512 971 626 1026 misceat
645 975 675 1026 et
693 987 769 1024 mare
789 969 865 1024 caclo
963 984 989 1024 25

128 1046 157 1100 Si
176 1048 221 1101 fur
239 1048 381 1117 displiceat
400 1047 490 1115 Verri,
509 1047 645 1102 homicide
665 1047 768 1114 Miloni,

128 1123 239 1178 Clodius
258 1129 367 1180 accuset
386 1125 519 1192 moechos,
540 1124 658 1178 Catilina
677 1123 838 1193 Cethegum,
866 1183 869 1190 ⁴

128 1199 163 1254 In
180 1201 303 1260 tabulam
323 1201 414 1256 Sullae
435 1200 458 1256 si
477 1201 570 1278 dicant
590 1199 717 1270 discipuli
736 1201 833 1256 tresi-

128 1276 221 1341 Qualis
239 1281 299 1331 erat
315 1293 404 1348 nuper
421 1277 525 1345 tragico
541 1277 660 1345 pollutus
678 1277 788 1332 adulter

128 1352 292 1410 Concubitu:
313 1355 360 1423 qui
379 1358 445 1408 tnnc
464 1353 539 1422 leges
559 1354 706 1408 revocabat
725 1369 831 1407 amaras
960 1365 986 1405 so

128 1427 260 1484 Omnibus
279 1435 363 1499 atquc
383 1431 451 1500 ipsis
470 1429 575 1484 Veneri
596 1430 736 1498 Martique
755 1429 901 1496 timendae,

128 1505 218 1572 Quum
238 1511 281 1562 tot
300 1507 433 1562 abortivis
452 1507 599 1562 fecundam
618 1505 695 1560 Julia
711 1506 820 1561 vulvam

127 1582 251 1638 Solveret
270 1587 299 1638 ot
317 1587 416 1652 patruo
437 1583 539 1638 similes
558 1583 712 1637 effunderet
730 1583 805 1637 offas.

127 1658 225 1713 Nonne
245 1659 331 1727 igitur
345 1658 412 1727 jure
431 1675 464 1712 ac
481 1659 581 1714 merito
602 1659 670 1714 vitia
689 1659 786 1714 ultima
805 1659 884 1714 fictos

128 1734 310 1790 Contemnunt
331 1735 447 1790 Scauros
468 1738 497 1790 et
515 1736 650 1804 castigata
670 1735 844 1790 remordenti
958 1751 982 1790 ss

127 1811 153 1864 N
155 1827 190 1864 on
209 1811 274 1866 tulit
293 1828 327 1864 ex
348 1811 402 1864 illis
419 1814 529 1866 torvum
548 1811 685 1865 Laurouia
705 1810 842 1880 quendam

128 1887 297 1942 Clementem
315 1889 414 1942 toties:
436 1887 513 1942 “Ubi
531 1906 603 1942 nnnc
624 1888 670 1941 lex
690 1887 784 1942 Julial
805 1887 946 1942 dormisl’'

127 1962 176 2017 Ad
196 1981 278 2032 quem
298 1963 459 2020 subridens:
483 1964 607 2018 “Felicia
624 1969 750 2032 tempora
769 1981 840 2032 quae
858 1967 888 2018 te

126 2040 249 2094 Moribus
270 2045 425 2110 opponunt!
463 2040 574 2104 Habeat
590 2040 651 2110 jam
672 2039 927 2112 Romaypudorcm:

126 2115 235 2170 Tertius
256 2133 271 2170 e
292 2117 486 2172 caelocecidit
506 2117 584 2173 Cato.
620 2117 676 2171 Sed
694 2120 788 2172 tamen
807 2116 881 2171 unde
955 2133 980 2171 40

127 2191 205 2246 Haeo
225 2193 293 2246 emis
311 2192 418 2248 hirsuto
440 2195 547 2262 spirant
566 2193 742 2262 opobalsama
761 2193 831 2247 collo

126 2267 202 2333 Quae
222 2268 291 2324 tibil
326 2269 370 2324 Ne
388 2271 494 2340 pudeat
512 2269 651 2325 dominum
671 2272 823 2324 monstrare
840 2268 977 2326 tabernae.

126 2345 208 2410 Quod
227 2345 403 2400 sinerentur
423 2347 498 2416 leges
517 2364 549 2402 ao
563 2347 636 2416 jura,
656 2347 735 2402 cited

126 2421 202 2476 Ante
220 2437 314 2476 ornnes
333 2421 419 2477 debet
438 2423 582 2478 Scantinia
620 2423 739 2492 Respice
757 2421 876 2491 primum

125 2497 163 2550 nt
184 2501 306 2554 scrutare
324 2499 412 2565 viros3
429 2500 535 2554 faciunt
553 2500 582 2554 hi
602 2499 695 2568 plura:
717 2498 846 2552 sedilios
953 2513 977 2554 45

126 2573 257 2630 Defendit
276 2592 407 2630 uumerus
421 2575 590 2646 junctaeque
610 2575 729 2630 umbone
746 2574 901 2643 phalanges.

125 2649 226 2718 Magna
244 2647 318 2708 inter
336 2653 432 2708 molles
453 2653 605 2708 concordia.
643 2652 706 2706 Non
727 2652 780 2706 erit
799 2650 885 2705 ullum

125 2725 288 2796 Exemplum
308 2728 338 2782 in
355 2733 450 2784 nostro
471 2733 530 2784 tam
550 2727 725 2788 detestabile,
739 2744 812 2782 sexu.

124 2801 210 2856 'ledia
229 2819 283 2860 non
303 2804 401 2860 lambit
421 2806 552 2875 Cluviam,
572 2822 623 2860 nec
645 2805 727 2858 Flora
747 2803 897 2860 Catullsm:
1044 2855 1045 2864 ,

125 2877 215 2948 Hispo
236 2880 313 2935 subit
328 2882 445 2951 juvenes
462 2887 492 2938 et
509 2882 605 2936 morbo
624 2881 710 2950 pellet
728 2885 852 2949 utroque.
951 2897 975 2935 50
1044 2895 1045 2940 i

124 2954 270 3024 Numquid
287 2974 337 3012 nos
356 2959 461 3026 eginum
481 2961 593 3013 ceusssl
613 2957 703 3012 civilia
718 2957 784 3025 jura

124 3029 275 3087 Novimusl
296 3035 419 3090 autulio
439 3037 559 3105 strepitu
577 3037 638 3090 lora
659 3039 753 3088 vestro
771 3034 924 3088 movsmnsl

124 3106 279 3162 Luctantur
298 3126 408 3178 paucae,
428 3113 575 3166 comedunt
596 3111 715 3180 coliphia
735 3126 851 3179 paucae:

125 3181 182 3236 Vos
200 3182 290 3242 lanam
308 3186 418 3244 trahitis
438 3188 608 3258 calathisque
627 3191 741 3257 peracta
760 3185 869 3242 refertis
