2134 3536
422 138 554 187 SA'l'IRA
570 141 594 188 I.
921 159 935 196 s

63 225 266 296 Instituitqne
282 226 366 282 rudes
383 227 480 281 melior
498 228 618 284 Locusta
633 231 803 302 propinquas
819 230 821 234 ’

63 303 129 356 Per
148 303 254 356 faunam
272 305 301 357 et
318 303 450 372 populum
465 304 560 373 nigros
577 306 676 361 efferre
693 310 814 366 maritos.

62 378 164 432 Ande
182 379 287 448 aliquid
303 378 434 433 brevibus
452 381 548 449 Gyaris
566 386 596 436 et
612 399 722 438 carcere
740 385 862 454 dignum,

62 455 98 510 Si
120 456 172 510 vis
189 471 250 510 esse
267 455 380 525 aliquis:
404 457 531 512 Probitas
547 457 678 513 laudatur
695 464 725 514 et
742 461 824 530 alget
937 506 938 510 ,

63 531 247 586 Criminibus
266 532 370 587 debent
387 532 490 602 hortos,
507 535 652 603 praetoria,
670 553 786 605 mensas,
913 555 935 576 r

63 610 238 678 Argentum
255 613 336 663 retus
353 612 383 664 et
400 613 520 664 dantem
537 614 617 664 extra
633 613 730 680 pocula
747 630 867 682 caprum.

64 686 169 751 Quem
186 687 294 755 patitur
311 686 431 742 dormire
447 703 533 741 nurus
550 691 694 757 corruptor
710 705 815 758 armac,

64 763 170 828 Quem
188 781 304 838 sponsae
322 768 419 834 turpes
435 768 464 818 et
482 767 675 834 praetextatus
694 765 821 822 adulteri

64 839 99 894 Si
120 843 233 894 natura
244 844 336 910 negat,
353 841 422 896 facit
438 841 591 909 indignatio
609 857 727 910 versum,

65 916 303 986 Qualemcunque
322 919 429 987 potest:
451 917 546 986 quales
565 933 616 986 ego
634 918 678 972 rel
700 919 855 976 Cluuienus.
909 937 935 976 so

107 993 157 1046 Ex
177 1009 232 1063 quo
252 995 408 1062 Deucalion,
426 993 528 1048 nimbis
545 995 707 1049 tollentibus
725 1013 837 1066 aequor,
944 1004 947 1009 '

65 1068 196 1137 Navigio
215 1074 337 1125 montem
356 1071 481 1124 ascendit
499 1075 642 1140 sortesque
660 1073 792 1142 poposcit,

66 1145 282 1216 Paullatimque
299 1147 391 1201 anima
408 1147 551 1202 caluerunt
568 1148 660 1201 mollia
677 1165 749 1215 saxa,

66 1223 112 1277 Et
133 1223 255 1278 maribus
273 1225 362 1280 nudas
381 1225 503 1279 ostendit
522 1225 626 1292 Pyrrha
643 1225 755 1293 puellas,

66 1300 221 1370 Quidquid
238 1306 324 1370 agunt
342 1303 473 1370 homines,
493 1307 594 1370 votum,
611 1302 702 1368 timor,
720 1303 769 1370 ira,
786 1301 919 1372 voluptas,

67 1377 193 1444 Gaudia,
211 1379 356 1448 discursus,
374 1381 461 1434 nostri
478 1381 523 1433 est
540 1379 648 1447 farrago
665 1378 759 1434 libelli.
909 1397 932 1432 so

66 1455 112 1510 Et
130 1457 243 1525 quando
261 1456 372 1510 uberior
390 1457 518 1510 vitiorum
538 1457 638 1526 eopial
651 1455 760 1526 quando

67 1532 168 1602 Major
186 1534 318 1588 avaritiae
337 1534 428 1604 patuit
448 1535 541 1590 sinusl
559 1533 619 1588 alea
638 1533 748 1604 quando

67 1609 141 1664 Hos·
157 1611 278 1666 animosi
315 1612 414 1680 Neque
433 1613 507 1666 enirn
526 1610 622 1666 loculis
641 1609 837 1665 comitantibus
852 1612 909 1664 itur

67 1686 125 1740 Ad
143 1703 233 1740 casum
250 1687 369 1756 tabulae,
389 1690 478 1757 posita
497 1689 547 1742 scd
567 1687 673 1742 luditur
691 1703 762 1742 arca
906 1701 931 1740 oo

67 1763 184 1817 Proelia
202 1768 308 1832 quanta.
319 1765 376 1818 illic
394 1765 584 1834 dispensatore
602 1764 709 1820 videbis

67 1839 238 1908 Armigerol
275 1841 433 1910 simplexne
451 1842 528 1895 furor
545 1841 675 1895 sestertia
692 1843 803 1896 centum

67 1915 197 1970 Perdere
214 1920 244 1971 et
257 1917 383 1971 horrenti
403 1918 524 1972 tunicam
542 1935 597 1972 non
614 1917 733 1972 reddere
750 1920 848 1973 servo?

68 1992 142 2056 Quis
159 1993 276 2048 totidem
294 1995 382 2048 erexit
401 1995 487 2062 villas,
506 1995 567 2064 quis
585 1994 688 2048 fercula
705 1997 814 2063 septem

68 2070 187 2124 Secreto
205 2071 331 2125 coenavit
349 2072 433 2125 avusl
470 2071 551 2125 Nunc
570 2070 694 2140 sportula
711 2070 800 2138 primo
905 2090 929 2126 os

67 2146 180 2200 Limine
196 2163 281 2216 parva
301 2148 387 2215 redet,
406 2147 505 2202 turbae
522 2147 655 2216 rapienda
671 2149 791 2214 togatae.

68 2222 126 2276 Ille
145 2227 238 2278 tamen
256 2224 354 2278 faeiem
373 2224 449 2294 prius
467 2224 579 2292 inspicit
593 2227 625 2278 et
640 2223 771 2292 trepidat,
787 2237 822 2277 ne

68 2297 237 2368 suppositus
254 2301 348 2355 venias
366 2317 397 2354 ac
415 2301 485 2354 falso
503 2301 613 2355 nomine
631 2315 734 2369 poscas.

68 2376 193 2444 Agnitus
211 2377 341 2446 accipies;
355 2377 440 2445 jubet
458 2393 475 2430 a
493 2393 627 2446 praecone
646 2376 735 2430 vocari

69 2451 152 2520 Ipsos
172 2453 347 2522 Trojugenas‚
366 2471 430 2507 narn
448 2457 552 2508 serant
570 2453 653 2506 limen
672 2456 702 2506 et
718 2451 773 2520 ipsi
838 2481 840 2484 v
892 2471 927 2508 1oo

68 2527 228 2584 Nobiscum.
263 2531 307 2584 Da
324 2530 456 2598 Praetori,
475 2529 512 2584 da
531 2529 632 2584 deiude
648 2527 775 2583 Tribuno.

70 2603 128 2658 Sed
146 2605 292 2661 libertinus
307 2607 384 2676 prior
400 2611 451 2662 est.
486 2605 610 2673 “Priorss'
623 2605 721 2676 inquit,
734 2605 801 2674 “ego
813 2608 924 2676 adsoni:

70 2680 128 2734 Cur
146 2683 258 2736 timeam
278 2683 436 2738 dubitemve
452 2685 540 2738 locum
556 2682 712 2750 defendere,
731 2684 855 2751 quamvis

69 2756 96 2811 N
98 2760 162 2813 anns
180 2759 217 2812 ad
232 2760 400 2830 Euphraten,
420 2757 601 2830 mollesquod
616 2759 645 2816 in
661 2775 727 2812 aure
746 2760 892 2830 fenestrae,

70 2835 222 2902 Arguerint
239 2837 305 2892 lieet
321 2839 381 2907 ipse
397 2855 509 2906 negem:
529 2837 578 2892 sed
595 2837 715 2907 quinque
731 2836 864 2890 tabernae
888 2853 923 2890 ros

69 2910 277 2982 Quadringenta
300 2918 406 2984 parant.
443 2915 516 2980 Quid
532 2916 638 2968 confert
658 2929 782 2983 purpura
798 2914 887 2982 major
924 2949 929 2955 -

69 2987 236 3058 optandum,
255 2990 278 3044 si
297 2991 429 3044 Laurenti
447 2991 616 3046 custoditio
633 3007 699 3059 uero
778 3007 788 3026 ··

69 3064 224 3120 conductas
246 3067 378 3122 Corvinus
399 3070 481 3123 erest
503 3085 554 3138 ego
573 3069 701 3139 possideo
720 3068 782 3137 plus

69 3140 193 3196 Pallante
212 3147 242 3197 et
263 3143 388 3198 Licinis.”
424 3144 593 3213 Exspectcnt
610 3161 677 3212 ergo
695 3143 825 3208 'l'ribuni3

69 3215 188 3274 Vincunt
205 3219 324 3288 diuitiae,
341 3235 418 3275 sacro
435 3237 486 3274 nec
503 3219 585 3276 cedat
595 3220 698 3274 *honori
883 3232 918 3270 no

806 3311 848 3352 us
