2134 3536
426 88 560 137 saulae
578 89 632 139 111.

96 178 327 249 Discipulumque
344 195 436 243 senex,
454 178 515 248 ripa
532 179 653 233 nutritus
671 178 759 235 inilia

95 256 150 312 Ad
166 273 248 326 quam
266 255 403 322 Gorgonei
420 254 533 324 delapsa
549 258 592 310 est
609 256 692 324 pinna
708 255 813 312 caballi.

95 333 163 389 Non
180 336 224 388 est
242 333 364 386 Romano
382 332 509 401 cuiquam
527 332 602 386 locus
621 331 670 396 hic,
688 333 736 386 ubi
754 336 853 402 regnat
977 383 979 394 ‚

86 409 269 478 Protogenes
286 407 384 477 aliquis
402 408 445 462 vel
463 407 591 478 Diphilus
608 413 657 463 aut
675 409 850 477 Hermarcus,
919 425 956 466 ιω
1034 401 1037 472 ⁴1

96 485 155 552 Qui
170 485 261 554 gentis
278 485 345 539 vitio
362 501 501 552 nunquam
519 484 640 554 partitur
657 487 782 552 amicum,
1037 510 1038 532 r

95 561 286 624 Solusbabet
323 561 395 616 Nam
412 579 496 631 quum
514 562 622 616 facilem
641 562 754 617 stillavit
770 562 800 616 in
816 579 911 618 aurem

94 637 236 707 Exiguum
254 638 291 693 de
308 641 423 693 naturae
440 637 604 708 patriaeque
621 655 734 707 veneno,

93 713 206 781 Limine
223 729 409 780 summoveor;
432 713 574 784 periemnt
591 717 717 784 tempora
734 714 808 783 longi

94 789 216 848 Servilii.
252 791 395 859 Nusquam
413 791 503 845 minor
520 793 563 844 est
576 789 688 858 jactura
705 791 822 845 clientis.
918 805 955 846 ras

134 867 215 932 Quod
231 885 314 937 porro
332 867 457 935 officium,
474 884 509 922 ne
525 867 604 921 nobis
621 866 755 934 blandiar,
774 871 823 922 aut
840 867 915 937 quod
1029 881 1031 886 ·

96 942 231 1013 Pauperis
248 944 292 998 hio
309 945 445 1012 meritum,
464 945 487 998 si
503 947 581 998 curet
598 947 678 998 nocte
696 947 808 1012 togatus

95 1019 223 1086 Currere,
242 1037 327 1089 quum
346 1019 461 1074 Praetor
479 1020 603 1074 lictorem
621 1019 745 1089 impellat
763 1024 792 1074 et
809 1019 851 1074 ire

94 1095 282 1166 Praecipitem
294 1095 401 1164 jubeat,
419 1095 524 1150 dudum
542 1096 717 1164 vigilantibus
735 1095 816 1163 orbis,

94 1172 124 1228 N
125 1188 143 1227 e
159 1173 234 1242 prior
252 1172 381 1226 Albinam
400 1176 430 1226 et
447 1173 570 1226 Modiam
587 1173 692 1240 collega
709 1171 830 1229 salutati
919 1187 955 1226 uo

94 1247 198 1303 Divitis
215 1248 260 1303 hio
277 1249 349 1303 servi
366 1248 471 1303 claudit
488 1249 561 1303 latus
578 1249 757 1317 ingenuorum

95 1325 198 1381 Filius:
223 1325 294 1380 alter
311 1325 383 1380 enim
402 1325 582 1394 quantumin
600 1325 707 1392 legione
724 1324 840 1380 Tribuni

95 1401 246 1472 Accipiunt
263 1401 348 1456 donat
367 1401 496 1456 Calvinae
513 1402 556 1455 rel
577 1402 714 1468 Catienae,

94 1478 140 1533 Ut
157 1479 240 1533 semel
258 1482 342 1548 atque
359 1478 461 1532 iterum
478 1495 562 1548 super
579 1478 654 1532 illam
671 1478 805 1548 palpitet:
829 1481 860 1536 at
877 1481 917 1548 tu,

95 1555 188 1621 Quum
205 1555 257 1610 tibi
274 1555 367 1610 vestiti
384 1555 468 1609 facies
486 1556 569 1610 scorti
586 1555 686 1624 placet,
704 1555 802 1611 haeres
916 1572 952 1612 ist

94 1631 135 1687 Et
153 1631 264 1686 dubitas
282 1631 339 1686 alta
358 1631 480 1686 Chionen
499 1619 636 1686 deducere
654 1631 728 1686 sella.

94 1707 141 1762 Da
157 1711 259 1762 testem
277 1707 382 1762 Romae
400 1711 459 1762 tam
476 1712 601 1763 sanctum
619 1725 702 1776 quam
719 1708 772 1762 iuit
789 1711 889 1779 hospes

95 1785 223 1840 Numinis
242 1784 336 1850 Idaei;
358 1784 492 1854 procedat
508 1784 552 1839 vel
571 1785 663 1838 Numa
680 1785 723 1840 vel
741 1785 789 1854 qui

95 1860 222 1916 Servavit
238 1860 376 1930 trepidam
392 1860 520 1929 flagranti
538 1878 572 1916 ex
590 1861 660 1915 aede
678 1861 849 1928 Minervam

94 1936 226 1992 Protinus
244 1938 280 1991 ad
296 1953 414 2004 censum,
432 1937 468 1991 de
485 1939 606 1992 moribus
623 1938 721 1991 ultima
739 1938 789 1992 liet
915 1953 952 1994 rto

95 2013 244 2079 Quaestio:
269 2019 338 2084 quot
354 2015 444 2084 pascit
460 2016 572 2068 servos'l
597 2018 665 2084 quot
682 2014 805 2082 possidet
822 2015 881 2083 agri

94 2089 221 2158 Jugerai
244 2107 326 2160 quam
344 2090 433 2145 multa
449 2107 605 2160 magnaque
623 2089 769 2160 paropside
787 2093 904 2147 coenati

95 2165 235 2231 Quantum
251 2167 368 2237 quisque
385 2184 435 2222 sua
452 2183 624 2220 nummorum
643 2170 734 2220 servat
750 2167 779 2221 in
796 2183 867 2234 arca,

95 2243 214 2297 Tantum
232 2243 317 2299 habet
334 2247 364 2298 et
382 2244 455 2299 fidei
490 2244 574 2298 Jures
591 2243 655 2297 lieet
673 2246 702 2297 et
720 2243 926 2298 Samothracum

93 2318 132 2374 ut
149 2323 304 2374 nostrorum
322 2337 391 2388 aras,
407 2323 582 2375 contemnere
599 2319 712 2374 fulmina
729 2336 835 2390 pauper
914 2333 950 2373 us

95 2394 226 2451 Creditur
243 2401 329 2466 atque
347 2397 421 2465 deos,
440 2395 484 2451 dis
501 2395 706 2464 ignoscentibus
723 2396 796 2466 ipsis.

95 2470 176 2540 Quid,
193 2472 269 2541 quod
285 2473 429 2528 materiam
446 2473 564 2542 praebet
579 2488 729 2540 causasque
742 2471 869 2540 jocorum

95 2546 228 2602 Omnibus
246 2548 291 2603 hic
307 2549 389 2618 idem,
408 2549 431 2602 si
448 2548 530 2603 iooda
547 2551 577 2602 et
593 2548 676 2602 scissa
693 2547 809 2616 lacerna,

94 2623 125 2679 Si
142 2627 207 2693 toga
224 2624 366 2680 sordidula
383 2629 426 2680 est
444 2628 474 2680 et
491 2629 573 2694 rupta
590 2623 698 2678 calceus
715 2624 787 2678 alter

94 2699 171 2754 Pelle
187 2704 278 2770 patet:
303 2701 347 2756 vel
364 2701 394 2770 si,
413 2705 527 2756 consuto
544 2701 663 2766 vulnere,
681 2717 803 2754 crassum
913 2718 949 2757 150
1022 2704 1024 2709 ’

95 2778 190 2847 Atque
206 2793 302 2834 recens
318 2777 403 2832 linum
421 2777 543 2832 ostendit
560 2794 615 2831 non
629 2793 685 2831 una
701 2776 822 2832 cicatrix.

94 2852 141 2908 Nil
157 2853 241 2908 habet
258 2854 352 2911 infelix
369 2857 516 2924 paupertas
533 2853 627 2908 durius
644 2852 674 2912 in
691 2869 720 2908 se

96 2929 182 2995 Quam
199 2929 275 3000 quod
291 2929 420 2986 ridiculos
437 2931 561 2985 homines
577 2929 651 2984 iacit.
686 2929 824 3000 “Exeat’'
840 2930 938 3001 inquit,
1010 2947 1013 2953 ·

96 3005 144 3060 “Si
158 3006 249 3076 pudor
264 3009 313 3072 est,
330 3010 360 3062 et
377 3007 413 3061 de
429 3006 541 3077 pulvino
558 3009 653 3074 surgat
670 3006 793 3074 equestri

96 3081 179 3152 Cujus
196 3099 240 3137 res
256 3082 312 3152 legi
329 3100 383 3138 non
401 3083 508 3150 sufficit,
526 3085 556 3138 et
574 3083 689 3136 sedeant
705 3082 750 3137 hic
911 3097 947 3138 rso

96 3157 234 3214 Lenormm
250 3159 331 3230 pueri
347 3175 511 3230 quocunque
526 3158 556 3214 in
572 3157 675 3214 fornice
692 3159 760 3228 nati,
