2126 3532
120 130 149 177 98
356 121 389 170 D.
407 121 512 188 Jb'NII
530 120 547 169 J
552 119 737 169 UVENALIS

120 214 231 270 Audeat
249 227 376 267 excussos
395 210 521 263 Praetori
540 209 688 263 ostendere
707 211 814 277 dentes,
962 226 987 264 ιο

118 291 154 346 lu
171 290 280 357 nigram
297 287 325 339 iu
342 286 410 340 facie
427 285 541 340 tumidis
559 285 691 340 livoribus
708 286 798 353 offam,

118 371 213 436 Atque
230 363 345 428 oculum,
362 361 469 417 medico
486 363 524 416 nil
541 362 729 432 promittente,
746 363 884 418 relictum.

118 442 268 498 Bardaicus
281 437 370 510 judex
388 439 472 494 datur
489 439 557 493 bace
574 440 672 509 punire
690 440 793 494 volenti

118 519 231 575 Calceus
248 523 278 573 et
295 517 413 586 grandes
431 533 530 584 magna
547 517 584 570 ad
601 516 729 575 subsellia
747 534 835 585 surae,

118 595 239 665 Legibus
256 595 375 663 antiquis
392 597 543 647 castrorum
561 598 591 648 et
608 609 684 646 more
703 594 811 649 eanum
958 613 984 650 15

119 673 239 739 Servabo,
251 671 330 724 miles
348 687 383 724 ne
400 669 501 723 vallum
519 669 610 738 litiget
628 673 708 724 extra

118 751 156 804 Et
172 747 267 818 procul
285 763 301 802 a
320 748 410 814 signia
444 746 603 800 Justissima
623 746 820 802 centurionum

119 825 245 895 Cognitio
263 829 306 878 est
323 824 409 892 igitur
426 823 462 878 de
479 824 585 890 milite;
608 841 659 879 nee
676 823 743 878 mibi
759 823 850 878 deerit

119 903 195 957 Ultio
212 902 236 955 si
250 901 344 970 justae
362 899 486 955 defertur
505 917 587 954 causa
606 900 741 969 querelae.

119 981 188 1034 Tota
205 977 301 1033 cohors
318 981 412 1032 tumen
430 981 474 1032 eat
490 977 607 1046 inimica,
619 993 768 1046 omnesque
785 978 900 1045 manipli
953 995 981 1033 aa

119 1056 258 1110 Consensn
274 1070 374 1122 magno
391 1053 511 1116 efficiunt
527 1053 657 1108 curabilis
674 1057 706 1108 ut
723 1054 760 1108 sit

119 1131 250 1187 Vindicta
266 1130 375 1200 gravior
392 1146 474 1199 quam
491 1131 599 1200 injuria
634 1130 754 1199 Dignum
771 1131 825 1185 erit
842 1147 912 1198 ergo

120 1209 315 1264 Declamaton's
332 1207 435 1261 mulino
452 1207 536 1262 corde
553 1207 669 1276 vergelli,

120 1286 210 1350 Quum
228 1285 282 1338 duo
300 1300 381 1338 crura
398 1283 501 1338 habeas
518 1284 656 1338 offendere
673 1287 717 1340 tot
733 1285 842 1353 caligas,
853 1287 899 1339 tot

118 1362 207 1416 Millia
223 1361 369 1415 clavorum.
406 1360 472 1425 Quis
490 1364 548 1414 tam
565 1361 660 1430 procul
678 1360 751 1416 absit
768 1361 804 1416 ab
822 1361 902 1416 Urbe
949 1377 977 1416 25

120 1438 283 1492 Praeterea?
301 1437 362 1506 quis
380 1440 438 1490 tam
457 1435 576 1504 Pylades
594 1437 694 1492 molem
711 1439 819 1506 aggeris
835 1438 912 1492 ultra

119 1514 160 1569 Ut
177 1511 286 1569 veniat?
313 1513 454 1568 Lacrimae
471 1513 610 1567 siccentur
625 1514 759 1584 protinus,
771 1517 801 1568 et
817 1529 848 1569 se

119 1591 304 1644 Excusaturoa
321 1605 376 1643 nou
394 1588 571 1644 sollicitemus
587 1591 693 1656 amieos,

48 1663 51 1674 '
119 1667 183 1720 “Da
200 1667 325 1732 testem,”
337 1664 426 1734 judex
445 1683 530 1735 quum
548 1666 656 1720 dixerit.
693 1664 808 1722 Audeat
824 1665 872 1722 ille

119 1743 219 1797 Nescio
237 1741 299 1810 quis
316 1757 421 1811 pugnos
438 1742 486 1812 qui
503 1741 574 1796 vidit
590 1741 691 1811 dicere,
703 1741 815 1810 “Vidi'’
947 1758 975 1797 oo

120 1819 157 1873 Et
173 1815 283 1874 credam
301 1818 416 1886 dignum
433 1818 519 1873 barba
536 1818 703 1887 dignumque
720 1818 826 1887 capillis

120 1895 265 1964 Majorum.
301 1891 389 1950 Citius
405 1895 502 1949 salsum
519 1893 672 1964 producere
689 1898 790 1950 testem

60 1974 66 1984 “
120 1973 223 2028 Contra
237 1987 374 2042 paganum
391 1973 477 2042 possis
496 1989 579 2040 quam
597 1988 663 2026 rora
679 1970 837 2040 loquentem

120 2049 223 2104 Contra
238 2051 377 2103 fortunam
394 2048 493 2102 armati
510 2052 661 2117 contraque
677 2047 817 2117 pudorem

154 2125 280 2180 Praemia
290 2139 362 2178 nunc
373 2123 427 2178 alia
438 2127 523 2192 atque
539 2123 593 2178 alia
606 2122 791 2178 emolumenta
802 2125 932 2178 notemus
946 2139 972 2178 ar

120 2203 364 2258 Sacrameutorum.
402 2200 560 2255 Oourallem
577 2200 649 2254 ruris
667 2200 731 2254 avit'

120 2278 265 2348 Improbus
282 2281 331 2331 aut
349 2293 475 2346 campum
492 2277 560 2330 mihi
578 2277 601 2330 si
618 2277 722 2330 vicinus
740 2275 851 2344 ademit,

119 2355 155 2410 Et
173 2370 281 2410 sacrum
297 2352 393 2409 effodit
410 2353 503 2408 medio
520 2353 556 2407 de
574 2353 662 2408 limite
679 2369 776 2406 saxum

121 2431 200 2497 Quod
218 2447 279 2486 mea
295 2447 357 2486 oum
374 2429 470 2500 patulo
487 2429 572 2485 coluit
589 2430 651 2500 puls
668 2446 757 2484 annua
774 2429 844 2493 lib0;

120 2507 235 2562 Debitor
251 2510 301 2562 aut
317 2511 422 2561 ernntos
438 2507 529 2576 pergit
546 2524 600 2560 non
617 2503 736 2560 reddere
754 2521 887 2572 nummos,
945 2520 970 2559 ro

119 2584 199 2638 Vana
215 2583 376 2654 supervacui
393 2583 487 2638 dicens
504 2582 685 2652 chirographa
700 2581 767 2650 ligni
776 2602 783 2647 ;

120 2660 327 2729 exspectandus
343 2660 398 2716 erit
415 2661 462 2730 qui
479 2659 543 2714 lites
559 2659 669 2714 inchoet
686 2674 773 2712 annus

120 2737 215 2791 Totius
231 2737 339 2808 populi;
362 2738 413 2792 sed
430 2742 496 2792 tuuc
513 2753 623 2806 quoque
640 2733 715 2792 mille
732 2733 847 2790 ferenda

120 2814 229 2882 Taedia,
242 2815 317 2870 mille
334 2831 442 2881 morae3
464 2812 547 2870 toties
565 2810 694 2868 subsellia
710 2813 818 2866 tantum
865 2873 867 2880 y

119 2891 299 2957 Sternuntur;
322 2895 389 2958 tum,
407 2891 524 2946 facundo
541 2895 660 2961 ponente
678 2887 800 2944 lacernas
945 2904 966 2942 rs

121 2965 247 3020 Caedicio
265 2970 294 3021 et
311 2967 399 3022 Fusco
412 2967 472 3036 jam
490 2967 671 3034 micturiente,
687 2964 779 3036 parati

121 3039 298 3108 Digredimur
313 3043 444 3110 lentaque
461 3043 512 3095 fori
527 3056 680 3110 pugnamus
697 3057 788 3094 arena.

129 3116 177 3170 Ast
193 3117 247 3170 iuis
265 3133 334 3186 quos
350 3133 427 3172 arma
443 3120 542 3185 tegunt
558 3123 587 3172 et
605 3118 713 3172 balteus
730 3115 817 3170 ambit

172 3191 203 3244 >d
219 3192 349 3261 placitum
368 3200 411 3247 est
427 3193 494 3261 ipsis
510 3197 665 3268 praestetur
682 3197 792 3261 tempus
808 3191 916 3260 mendi,
