2134 3536
126 112 158 160 20
361 108 393 156 D.
411 107 516 159 JUNII
532 108 743 159 JuquALIS

126 197 283 267 Surgebant
300 196 405 252 cristae.
440 197 516 252 Nihil
533 202 575 253 est
593 199 669 268 quod
685 200 798 256 credere
815 201 852 256 de
866 219 901 258 se
955 217 981 259 ro
1053 275 1054 300 1

126 275 190 329 Non
207 273 294 344 possit
311 286 395 343 quum
412 273 541 329 laudatur
558 273 603 328 dis
620 292 708 345 aequa
724 280 856 346 potestas.

126 351 182 407 seu
200 351 295 406 deerat
311 351 378 420 pisci
395 351 506 420 patinae
522 367 658 408 mensura.
695 353 837 408 Vocantur

126 429 200 498 Ergo
217 428 245 481 in
263 427 404 482 consilium
419 443 551 496 proceres,
570 445 638 498 quos
654 429 752 484 oderat
769 429 821 496 ille,

126 505 162 560 In
179 521 294 575 quorum
311 505 380 559 facie
397 506 511 560 miserae
528 523 698 575 magnaeque
721 507 837 563 sedebat

126 582 218 636 Pallor
235 581 376 636 amicitiae.
414 581 529 649 Primus,
548 582 683 637 clamante
701 582 822 637 Libmno
953 599 980 642 ts

126 658 264 722 “Currite,
280 657 339 726 jam
357 657 461 712 sedit!''
478 661 560 728 rapta
578 659 745 728 properabat
762 658 853 714 abolla

84 756 85 760 ¹
126 734 254 804 Pegasus,
266 733 400 788 attonitae
418 733 525 804 positus
540 734 622 790 modo
640 735 745 789 villicus
763 735 840 790 Urbi

126 813 207 865 Anne
225 809 300 864 aliud
316 813 382 864 tunc
399 811 550 878 praefectil
568 829 684 881 quorum
702 811 821 882 optimus
839 815 928 882 atquc

126 887 269 956 Interpres
286 885 376 954 legum
394 887 596 954 sanctiseimm3
613 889 704 942 omnia
721 903 877 958 quanquam

125 963 302 1033 Temporibus
320 962 386 1016 diris
403 963 548 1018 tractanda
565 965 682 1035 putabat
698 965 796 1018 inermi
952 979 979 1018 eo

125 1038 246 1094 «lustitia
282 1037 367 1092 Venit
385 1041 414 1092 et
432 1037 520 1108 Crispi
531 1040 656 1108 jucunda
673 1044 806 1109 senectus,

126 1114 211 1185 Cujus
229 1117 308 1171 erant
326 1131 415 1170 mores
434 1115 522 1183 qualis
538 1117 673 1182 fecundia,
689 1117 757 1171 mite

125 1191 276 1261 Ingenium.
314 1191 402 1246 Maria
420 1201 452 1246 a'o
471 1195 560 1247 terras
575 1193 741 1262 populosque
763 1191 870 1261 regenti

125 1267 191 1334 Quis
210 1286 298 1323 comcs
316 1268 417 1336 utilior,
435 1267 459 1321 si
478 1267 557 1322 clade
575 1273 604 1324 et
625 1273 701 1338 peste
721 1268 773 1323 snb
790 1269 837 1323 illa

125 1344 271 1400 Saevitiam
293 1345 423 1399 damnare
446 1349 475 1400 ct
494 1344 638 1401 honestum
657 1345 753 1399 afferre
773 1345 869 1400 liceret
950 1359 977 1398 ee

126 1421 287 1476 Consiliuml
324 1421 380 1475 Sed
399 1421 467 1490 quid
487 1421 631 1476 violentius
651 1437 717 1476 aure
735 1421 850 1489 tyranni,

125 1496 193 1552 Oum
213 1514 267 1566 quo
289 1497 325 1551 de
340 1497 439 1566 pluviis
458 1502 506 1552 aut
527 1497 649 1552 aestibus·
664 1501 712 1552 aut
730 1497 853 1552 nimboso

123 1573 197 1627 Vere
217 1572 333 1628 locuturi
351 1573 438 1628 fatum
458 1573 597 1643 pendebat
616 1573 715 1628 amici?

124 1650 176 1704 llle
199 1650 283 1718 igitur
302 1667 442 1719 nunquam
461 1649 563 1705 direxit
580 1650 692 1705 brechia
710 1653 806 1706 contra

94 1781 95 1784 ,
123 1727 290 1794 Torrentem,
310 1743 360 1780 nec
379 1725 445 1780 civis
466 1730 525 1781 erat
546 1727 593 1795 qui
613 1727 701 1782 bbere
718 1731 811 1798 posset
949 1741 976 1782 ao

121 1803 218 1859 Verba
236 1802 319 1857 animi
336 1803 459 1872 proferre
479 1807 509 1857 et
529 1803 613 1858 vitam
631 1803 790 1874 impendere
807 1818 878 1858 vero.

123 1880 169 1936 Sic
186 1880 286 1934 multas
308 1878 411 1932 hiemes
432 1882 516 1948 atque
537 1879 702 1948 octogesima
721 1879 792 1934 vidit

122 1956 252 2022 Solstitia,
273 1954 315 2008 his
336 1954 419 2008 armis
438 1954 486 2009 illa
505 1969 613 2024 quoque
632 1958 709 2010 tutus
727 1954 756 2008 in
775 1954 845 2010 aula.

123 2030 268 2086 Proximus
288 2029 413 2098 ejusdem
433 2029 600 2100 properabat
620 2031 726 2086 Acilius
744 2031 817 2098 aeriv

122 2108 193 2165 (ium
212 2106 313 2176 juvene
335 2105 448 2176 indigno
472 2124 554 2178 quem
579 2123 651 2161 mors
670 2111 729 2162 tam
749 2123 830 2162 saeva
846 2111 974 2162 maneret

122 2185 161 2240 llt
180 2183 289 2240 Domini
309 2183 409 2253 gladiis
429 2189 488 2240 tam
509 2184 653 2240 festinata:
676 2184 726 2238 sed
744 2183 809 2238 olim
946 2198 974 2240 ee

123 2260 253 2330 Prodigio
271 2276 322 2330 par
340 2265 383 2316 est
402 2277 465 2316 cum
483 2261 626 2316 nobilitate
646 2263 784 2315 senectus:

122 2337 206 2393 Unde
224 2337 263 2403 fit,
283 2340 316 2392 ut
333 2337 427 2392 malim
446 2337 608 2393 fraterculus
630 2352 688 2390 esse
707 2335 840 2405 (ligantis.

122 2412 232 2468 Profuit
249 2429 315 2481 ergo
334 2412 403 2468 nihil
423 2414 522 2468 misero
540 2411 615 2482 quod
634 2411 755 2466 cominus
773 2428 851 2468 ursos

123 2490 240 2560 Pigebat
256 2489 400 2559 Numidas,
421 2491 530 2544 Albana
549 2489 639 2543 nudus
659 2505 742 2544 arena
814 2526 819 2540 2
933 2505 972 2546 1oo
1053 2453 1054 2456 Ἴ

121 2568 252 2624 Venator.
285 2565 355 2633 Quis
371 2567 447 2622 enim
462 2566 522 2636 jam
540 2582 594 2620 non
613 2565 749 2634 intelligat
768 2569 842 2622 artes

121 2643 274 2702 Patriciae?
311 2641 377 2707 Quis
395 2643 514 2713 priscum
533 2641 602 2698 illud
619 2642 736 2697 miratur
756 2658 877 2710 acumen,

121 2720 217 2789 Brute,
236 2721 331 2775 tuuml
367 2719 457 2774 Facile
476 2725 519 2775 est
538 2719 656 2774 barbato
676 2717 815 2788 imponere
832 2719 898 2788 regi.

121 2797 182 2854 Nec
201 2796 298 2851 melior
315 2796 401 2864 vultu,
426 2797 548 2866 quamvis
571 2793 705 2864 ignobilis,
717 2793 776 2851 ibat

123 2872 250 2941 ltubrius,
268 2871 388 2934 offensae
407 2873 508 2928 veteris
526 2888 589 2928 reus
608 2875 692 2940 atque
712 2870 853 2940 tacendae,
932 2885 971 2930 ιω

122 2949 160 3004 llt
177 2953 271 3004 temen
290 2949 440 3018 improbior
458 2948 571 3004 satiram
592 2947 726 3002 scribente
746 2945 866 3002 cinaeda

121 3024 247 3081 Montani
263 3041 373 3094 quoque
392 3029 489 3081 venter
507 3024 593 3088 adest,
614 3021 758 3078 abdomine
777 3022 882 3093 tardus,

121 3102 161 3156 llt
179 3101 314 3156 matutino
332 3100 435 3156 sudans
454 3101 593 3170 Crispinus
612 3115 719 3153 amomo

122 3178 261 3246 Quantum
278 3177 325 3236 rix
342 3177 469 3236 redolent
485 3176 541 3233 duo
558 3176 668 3242 funera3
690 3175 798 3234 saevior
813 3175 861 3234 illo
