2126 3532
117 115 147 164 er
353 117 384 165 n.
403 107 511 166 Jurur
527 117 738 169 Juvnnnurs

116 203 252 258 Continuo
270 205 404 280 ternplum
422 210 452 260 et
470 207 563 262 violati
580 209 698 262 numinis
716 223 778 264 aras

115 279 160 347 Et,
179 280 253 348 quod
270 281 426 351 praecipuis
443 287 565 338 mentem
583 285 729 338 sudoribus
746 287 839 354 urget,
941 299 979 340 ss)

116 356 155 410 Te
173 355 294 410 videtin
313 358 428 423 somnis;
444 363 494 412 tua
511 375 588 414 saera
606 364 635 415 et
653 362 742 430 major
758 362 851 429 imago

116 433 247 487 Humana
263 434 360 488 turbat
377 435 507 504 pavidrun
525 437 653 506 cogitque
670 438 758 492 fateri.

116 509 155 564 Hi
175 514 239 563 sunt
256 511 303 577 qui
320 511 464 580 trepidant
482 514 512 566 et
530 512 567 566 ad
585 513 676 568 omnia
692 509 808 582 fulgura
819 513 937 584 pallent

117 585 207 651 Quum
224 590 304 641 tonat
321 587 460 641 exanimes
477 587 566 656 primo
585 605 695 659 quoque
712 605 853 645 murmure
870 589 959 654 eueli;

116 662 179 716 Non
197 663 275 732 quasi
290 663 420 718 fortuitus
437 679 489 718 neo
507 670 651 720 ventorum
669 665 746 720 rabie
763 665 814 720 sed
938 679 977 720 ω
1050 674 1051 723 r

116 738 310 794 lratus'cadat
326 739 356 793 in
373 742 463 794 terras
480 744 510 795 et
523 741 633 810 judioet
645 743 727 811 'ignia

116 815 170 870 Illa
187 815 255 870 nihil
272 816 373 884 nocuit,
393 832 459 871 eura
476 817 602 886 graviore
619 819 735 873 timetur

116 893 245 964 Proxima
262 895 419 963 tempestas,
438 893 514 948 velut
531 894 583 949 hoe
601 889 688 950 dilata
705 911 809 950 sereno.

115 969 265 1024 Praeterea
282 969 376 1024 lateris
393 971 469 1040 vigili
486 988 550 1026 euru
566 971 645 1026 febre
663 971 786 1026 dolorem

116 1047 146 1101 si
164 1063 279 1116 coepere
296 1047 363 1116 pati,
382 1047 495 1102 missum
513 1048 550 1102 ad
567 1065 617 1104 suu
634 1065 748 1119 corpora
765 1046 892 1102 morbum
936 1063 977 1104 mo

116 1123 222 1178 Infesto
240 1122 357 1179 eredunt
374 1141 391 1179 a
407 1124 532 1191 numine;
549 1143 615 1180 saxa
632 1125 746 1180 deorum

116 1199 195 1254 Haeo
212 1203 242 1254 et
259 1199 317 1255 tela
334 1204 442 1270 putant.
481 1201 619 1257 Peoudem
637 1201 774 1272 spondere
791 1201 890 1256 sacello

17 1345 22 1353 δ
115 1277 261 1332 Balantem
279 1280 310 1331 et
328 1277 444 1333 Laribus
461 1279 573 1333 cristam
591 1278 755 1349 promittere
772 1278 837 1347 galli

115 1353 142 1407 N
144 1370 180 1407 on
197 1353 315 1420 audent3
332 1353 400 1422 quid
417 1355 490 1410 enim
508 1371 618 1425 sperare
635 1353 797 1408 nocentibus
814 1355 905 1425 aegris

115 1430 298 1486 Concessum?
315 1431 359 1485 vel
376 1447 448 1502 quae
465 1447 520 1486 non
538 1432 646 1502 dignior
663 1431 753 1486 hostia
770 1431 844 1488 vitai
934 1447 975 1486 ms

115 1506 226 1561 Mobilis
243 1513 273 1562 et
290 1506 366 1561 varia
383 1510 427 1562 est
443 1507 530 1563 ferme
547 1512 647 1563 natura
664 1507 809 1563 malorum:

115 1585 207 1649 Quum
225 1583 313 1638 scelus
330 1581 483 1639 admittunt
499 1589 625 1655 superesi
642 1585 811 1650 constantim
828 1584 895 1654 quid
913 1585 957 1639 fas

115 1662 211 1729 Atque
228 1660 304 1714 nefas
322 1657 436 1713 taudem
453 1661 586 1730 incipiunt
603 1661 705 1716 sentire
722 1662 841 1730 peractis

116 1737 288 1790 Criminibus.
325 1734 428 1789 Tamen
446 1735 482 1789 ad
499 1752 589 1790 mores
606 1739 705 1791 natura
723 1737 840 1792 recurrit

115 1813 274 1882 Damnatus,
291 1811 348 1866 fixa
366 1815 396 1866 et
411 1813 513 1866 mutari
530 1813 635 1867 neseis:
654 1829 718 1866 nam
736 1815 799 1883 quis
934 1829 975 1867 aso

116 1889 254 1960 Peoeandiy
269 1889 352 1942 finem
370 1889 462 1958 posuit
480 1888 548 1944 sibi?
566 1887 675 1958 quando
691 1889 796 1958 reoepit

116 1966 244 2036 Ejectum
262 1966 345 2020 semel
363 1965 461 2020 attrita
478 1965 514 2018 de
531 1965 623 2019 fronte
640 1965 788 2021 ruborem?

116 2043 245 2108 Quisnam
263 2041 403 2095 hominum
420 2045 463 2096 ost
481 2055 563 2110 quem
581 2043 614 2095 tu
631 2044 790 2096 eontentum
800 2039 903 2096 rideris
914 2059 975 2097 uno

116 2119 252 2188 Flagitioi
287 2117 375 2172 Dabit
391 2117 420 2172 in
437 2117 565 2186 laqueum
582 2119 699 2188 vestigia
715 2123 809 2175 noster

115 2196 249 2263 Perfidus,
266 2198 296 2250 et
313 2193 384 2264 nigri
401 2195 523 2264 patietur
540 2194 658 2250 carceris
675 2211 784 2264 uncum,
935 2211 975 2251 ars

116 2277 177 2328 Aut
193 2273 276 2327 maris
294 2271 400 2340 Aegaei
416 2287 514 2342 rupem
532 2273 711 2342 scopulosque
728 2271 887 2344 frequentes

115 2349 393 2417 Essuubuemagnis
431 2348 523 2403 Poena
540 2349 673 2417 gaudebis
690 2365 785 2404 amare

115 2425 240 2480 Nominis
257 2424 345 2493 invisi,
362 2423 531 2495 tandemque
547 2424 671 2479 fatebere
687 2425 775 2480 laetus

115 2502 142 2557 N
144 2519 174 2558 ee
191 2501 304 2558 surdum
321 2518 373 2558 nec
391 2502 522 2557 Tiresiam
540 2517 695 2571 quenquam
712 2517 773 2558 esse
790 2501 913 2560 deorum.

426 2835 570 2892 SATIRA
588 2833 669 2891 XIV.

116 2959 253 3012 Puusrus
270 2959 342 3026 sunt,
360 2957 484 3020 Ruscino,
502 2959 533 3010 et
549 2957 622 3010 sama
638 2955 722 3023 digna
738 2953 848 3011 sinistra

117 3033 415 3087 Etnitidis'maoulam
433 3031 577 3086 haesuram
597 3030 709 3098 figentia
726 3031 816 3098 rebus,

118 3105 195 3159 Quae
213 3110 365 3162 monstrant
382 3110 433 3178 ipsi
449 3109 542 3178 pueris
559 3107 728 3173 traduntque
745 3109 879 3173 parentes

166 3179 296 3235 damnosa
313 3197 407 3236 senem
419 3183 502 3253 iurat
518 3184 586 3250 aies,
604 3180 675 3234 ludit
691 3181 722 3232 et
738 3177 818 3258 beree
