2134 3536
392 132 526 182 sauma
543 133 596 184 111.
889 140 920 193 17

60 222 105 279 Ut
126 222 185 278 sint
203 225 347 280 contentae
366 223 475 292 patulas
494 223 645 280 defundere
664 226 763 297 pelves.

96 299 202 354 Ebrius
222 317 254 354 ac
274 299 401 370 petulans
421 300 468 369 qui
489 300 593 354 nullum
612 302 683 356 forto
706 302 822 364 cecidit,

58 376 121 430 Dat
140 393 250 446 poenas,
268 380 377 431 noctem
396 377 502 446 patitur
520 377 638 446 lugentis
657 379 775 434 amicum

59 449 186 520 Pelidae,
208 451 291 508 cubat
309 453 338 507 in
356 453 461 521 faciem,
477 471 541 508 mox
559 453 659 510 deinde
677 456 797 525 supinus.
883 471 920 514 neu

57 529 138 598 Flrgo
156 545 211 583 non
229 529 311 584 aliter
329 530 434 599 poterit
452 530 590 587 dormiret
628 531 798 596 Quibusdam

59 606 196 660 Somnum
215 606 277 660 rixa
296 606 375 662 lacit:
399 605 448 662 scd
466 607 588 676 quamvis
606 607 746 677 improbus
765 605 849 664 aunis'

58 684 162 752 Atque
182 699 259 737 mero
277 683 384 737 fervens
403 687 482 738 cavet
500 683 572 738 hunc
592 700 674 753 quem
694 685 802 740 coccina
821 685 902 742 laena

57 759 156 814 Vitari
170 759 254 828 jubet
275 763 305 814 et
323 761 452 815 comitum
470 759 641 829 longissimus
663 761 739 829 ordo,

58 836 182 890 Multum
203 840 348 907 praeterea
366 836 537 892 flammarum
555 841 584 892 et
603 855 688 894 aenea
705 838 823 909 lampas:
880 853 917 894 ase

57 911 109 967 Me
132 930 214 982 quem
234 913 313 968 Luna
331 913 401 968 solet
419 913 555 970 deducere
575 913 618 970 vel
636 914 718 970 breve
737 915 829 971 lumen

58 987 209 1058 (laudaiae,
229 990 307 1060 eujus
328 989 455 1061 dispenso
476 995 505 1046 et
523 995 647 1061 tempero
664 991 747 1060 filum,

58 1065 229 1122 Contemnit.
266 1067 383 1122 Miserae
401 1082 532 1136 cognosce
552 1068 691 1136 prooemia
709 1068 805 1138 rixae,

58 1141 91 1197 si
113 1143 175 1198 rixa
195 1147 238 1198 est
257 1144 306 1199 ubi
324 1147 357 1199 tu
376 1144 475 1215 pulsas,
495 1161 546 1212 ego
564 1145 663 1214 vapulo
684 1148 800 1200 tantum.

58 1219 125 1274 Stat
143 1224 241 1275 contra
261 1221 384 1290 starique
402 1220 501 1290 jubet;
523 1237 621 1292 parcre
639 1237 749 1276 necesse
767 1225 829 1288 est;
878 1236 915 1276 aaa

58 1299 135 1354 Nam
153 1297 220 1367 quid
237 1314 309 1366 agas,
328 1314 413 1368 quum
430 1300 460 1352 te
477 1297 594 1352 fruiosus
611 1301 694 1366 cogat
711 1303 741 1353 et
758 1297 834 1353 idem

59 1374 191 1428 Fortiorl
227 1374 331 1430 “Unde
348 1374 463 1430 vonisi''
487 1373 634 1430 exclamat:
661 1373 761 1444 “cuius
778 1377 865 1444 aceto,

59 1450 150 1520 Oujus
168 1451 270 1507 conche
287 1452 396 1506 tumes?
414 1451 475 1519 quis
492 1454 584 1505 tecum
602 1451 698 1506 sectile
714 1467 826 1522 porrum
851 1509 855 1518 ,

60 1527 146 1583 Sutor
164 1529 193 1582 et
211 1528 274 1582 elixi
290 1527 412 1584 vervecis
429 1527 507 1583 labra
523 1527 661 1584 comedit?

59 1603 108 1659 Nil
125 1603 192 1659 mihi
209 1605 376 1676 respondesl
411 1607 458 1660 Au
488 1605 534 1660 dic
551 1609 600 1660 aut
617 1604 710 1676 accipe
732 1609 846 1673 calcem,
876 1619 912 1659 aaa

59 1682 121 1737 Ilde
138 1678 186 1736 ubi
204 1683 376 1738 consistas?
368 1699 397 1736 ιιι
417 1701 435 1752 q
486 1686 516 1738 te
534 1699 637 1752 quaero
655 1681 843 1753 proseuchal''

57 1759 201 1814 Dicere'
180 1777 203 1814 ιι
220 1762 312 1814 tentes
330 1758 434 1829 aliqrnd
450 1759 518 1814 tacit
506 1763 584 1814 tusve
601 1759 722 1828 recedas,

59 1834 234 1890 Tantundem
251 1839 308 1902 est;
331 1836 434 1890 feriunt
450 1835 567 1905 paritor3
590 1835 745 1890 vadimonia
762 1833 864 1890 deinde

61 1909 133 1966 Irati
149 1911 259 1967 faciunt
295 1877 422 1967 bibertas
439 1911 568 1983 pauperis
585 1911 653 1967 haec
671 1915 729 1966 cst:

61 1987 189 2054 Pulsatus
206 1991 286 2056 rogat
303 1992 333 2043 et
350 1988 449 2058 pugnis
465 1988 589 2044 concisus
604 1987 709 2056 adorat,
873 2001 909 2043 acc

60 2064 102 2120 Ut
119 2064 200 2120 liceat
218 2065 312 2134 paucis
330 2081 392 2118 cum
410 2063 540 2120 dentibus
558 2064 623 2120 inde
642 2063 763 2120 reverti..

95 2141 122 2195 N
123 2158 154 2197 ec
164 2145 258 2197 nmen
269 2141 336 2196 haec
347 2144 455 2195 tautum
470 2145 591 2197 metuas:
609 2157 672 2194 nam
693 2140 741 2210 qui
761 2139 861 2212 spoliet
879 2143 909 2195 te

61 2218 123 2273 Non
141 2217 237 2285 deerit,
258 2217 355 2272 chusia
378 2217 505 2272 domibus
522 2221 666 2287 postquam
690 2217 777 2271 omnis
799 2215 902 2286 ubique

62 2295 131 2349 Fixa
148 2297 291 2350 catenatae
310 2293 387 2349 siluit
405 2310 536 2364 compago
555 2293 693 2349 tabernae.

62 2370 207 2426 Interdum
227 2375 256 2426 et
274 2370 348 2425 ferro
367 2369 473 2425 subitus
491 2374 630 2439 grassator
648 2369 707 2438 agit
724 2385 790 2437 rem,
870 2383 908 2424 aes

63 2450 177 2502 Armate
195 2447 302 2516 quotics
322 2449 400 2502 tutae
418 2446 531 2502 custode
551 2447 681 2501 teuentm

63 2523 99 2578 Et
117 2523 262 2593 Pomptina
280 2521 359 2594 palus
379 2527 409 2578 et
429 2523 577 2578 Gallinaria
595 2521 682 2592 pinus

63 2601 106 2656 Sic
124 2599 187 2654 inde
204 2600 259 2655 huc
277 2617 372 2655 omnes
391 2604 522 2670 tanquam
539 2599 576 2654 ad
596 2598 699 2654 vivaria
717 2599 838 2652 comunt

64 2677 122 2742 Qua
140 2677 248 2731 fornace
268 2693 370 2746 graves,
390 2693 444 2746 qua
465 2694 519 2731 non
538 2675 644 2745 incude,
662 2673 794 2730 natanael

18 2753 20 2792 l
64 2753 196 2809 Maximus
215 2754 244 2807 in
263 2753 359 2808 vinclis
376 2753 442 2807 ferri
463 2752 568 2820 modus,
587 2755 620 2808 ut
639 2751 737 2806 timeas
757 2764 793 2804 ne
869 2765 907 2806 ue

19 2987 23 3094 l

19 3133 21 3146 '
98 3135 146 3190 llis
164 3136 232 3192 elias
251 3141 376 3208 poteram
396 3140 426 3192 et
443 3136 537 3209 plures
555 3136 716 3192 subnectere
736 3149 844 3190 aarum:
866 3148 904 3192 ua

20 3287 25 3306 ὶ
66 3211 118 3272 Sed
129 3211 255 3282 jumenta
274 3218 372 3273 vocant
390 3218 421 3272 et
439 3214 480 3271 sol
497 3213 621 3281 inclina
644 3213 766 3274 cundum
783 3217 835 3272 est

131 3303 187 3348 JUV.
818 3307 835 3340 r

64 2829 163 2886 Vomer
180 2829 297 2899 defidat,
315 2846 352 2884 ne
369 2846 476 2884 marrae
494 2833 524 2886 et
543 2827 650 2884 sarcula
668 2826 768 2882 desma

65 2906 163 2962 Felices
179 2922 342 2976 proavorum
363 2909 463 2974 atavos,
482 2906 574 2962 felicia
592 2905 667 2960 dicas

65 2983 161 3051 Secula,
181 3000 252 3053 quae
270 2983 407 3056 quendam
428 2983 479 3039 sub
496 2981 609 3052 regibus
625 2987 710 3052 atque
729 2976 849 3036 tribrmis

65 3058 194 3115 Videnmt
212 3077 267 3116 uno
285 3063 442 3116 contentam
460 3077 569 3116 carcere
588 3060 709 3114 Romam.
