2164 3536
448 99 581 150 SATIRA
597 100 633 151 x,
916 93 965 150 '65

110 188 279 258 Prandente,
298 189 328 246 et
345 187 464 244 madidis
482 191 576 244 cantat
594 204 666 258 quae
685 188 825 245 Sostratus
836 188 893 246 ulis

110 266 166 322 llle
185 269 278 321 temen
297 265 385 336 qnelis
404 264 488 320 rediit
507 265 644 321 Salamine
664 264 769 331 relicte,

108 342 147 397 In
167 342 268 398 (lorum
286 345 371 412 etque
390 341 494 396 Eurum
510 342 607 396 solitus
627 342 731 398 saevire
749 341 863 411 flugellis
925 355 963 398 leo

107 418 257 486 Burburus,
278 416 376 472 Aeolio
394 433 534 486 nunquam
549 418 629 472 boc
621 435 650 472 m
670 434 781 474 carcere
798 433 901 488 pessos,

108 494 207 564 Ipsum
224 493 401 564 compedibus
418 493 466 562 qui
482 494 609 549 vinxerat
627 493 846 562 Ennosigaeuml

106 570 206 625 Mitius
223 570 253 624 id
270 587 335 625 sene
353 571 428 640 quod
444 588 499 625 nou
516 574 545 626 et
563 572 693 639 stigmate
712 570 826 638 dignum

107 645 243 702 Credidit.
281 647 354 702 Huic
373 648 518 718 quisquam
535 647 620 702 vellet
637 647 739 702 servire
757 646 883 704 deorum!

106 721 166 778 Sed
183 723 272 793 qualis
289 723 390 778 rediitt
413 741 512 794 nempe
530 741 585 778 uno
601 740 677 794 neve,
696 722 829 789 cruentis,
926 738 963 780 ιιι

106 797 260 866 Fluctibus,
277 817 309 856 ec
325 801 407 856 turdu
424 818 475 871 per
492 801 578 867 dense
594 800 728 856 cadevera
744 815 835 870 prora.

106 874 171 930 Hes
186 877 271 932 toties
288 880 384 947 optato
400 877 493 946 exegit
510 876 598 945 glorie
614 881 727 947 poenes!

141 952 208 1008 “De
225 955 343 1024 spatium
361 954 442 1022 vitoe,
460 953 562 1008 multos
578 954 622 1022 da,
640 954 659 1007 J
661 953 777 1024 uppiter,
795 953 916 1010 ennosl”

106 1027 171 1084 Hoc
187 1034 263 1085 recto
280 1031 359 1085 sidtu
376 1031 470 1100 solum,
488 1030 540 1084 boc
557 1034 587 1085 et
603 1029 721 1101 pallidus
739 1034 826 1100 optes.

105 1104 165 1160 Sed
181 1123 263 1176 quam
280 1107 415 1162 continuis
433 1110 462 1162 et
479 1107 590 1176 quentis
606 1107 688 1176 longe
705 1111 831 1162 senectus
925 1121 961 1162 ιιι

105 1180 193 1237 Plene
203 1183 295 1238 melis!
331 1183 488 1256 Deformem
495 1187 530 1243 et
541 1186 645 1238 tetrum
658 1186 722 1240 ente
734 1183 941 1240 omnievultum
988 1185 996 1197 '

104 1257 327 1330 Dissimilemque
345 1260 394 1327 sui,
412 1259 563 1314 deformem
580 1277 631 1329 pro
649 1263 711 1315 cute
728 1259 828 1328 pellem

105 1332 318 1406 Pendentesque
333 1353 418 1406 genus
435 1339 472 1403 et,
481 1337 551 1392 tales
569 1338 659 1406 aspice
677 1353 766 1405 rugus,

106 1409 215 1480 Quales,
233 1413 397 1468 umbriferos
414 1412 462 1468 ubi
479 1413 715 1482 pendit'i'ebrece
731 1413 825 1482 soltus,

106 1485 141 1541 Ῑιι
159 1489 252 1543 vetula
269 1489 367 1559 sculpit
379 1489 440 1558 jem
457 1489 642 1552 motersimie
658 1490 749 1544 bucco.
923 1507 959 1546 ros

75 1627 79 1636 q
106 1563 226 1620 Plurima
243 1568 308 1620 sunt
320 1564 454 1634 juvenum
472 1547 640 1626 discrimh:
664 1565 783 1636 pulcrior
798 1565 844 1622 ille

106 1640 173 1708 Hoc,
191 1645 276 1712 atque
293 1642 339 1696 ille
356 1641 425 1709 elio;
447 1642 565 1697 multum
582 1641 627 1698 hic
644 1642 782 1698 robustior
799 1643 859 1698 illo:

105 1715 168 1771 Una
185 1733 280 1772 senum
296 1718 386 1788 facies,
404 1735 466 1774 cum
484 1735 549 1774 voce
566 1719 712 1774 trementis
729 1718 854 1778 membre

104 1793 141 1848 lit
154 1792 214 1862 jem
231 1795 291 1850 lere
308 1799 391 1865 ceput
408 1795 568 1866 madidique
585 1796 699 1868 infantis
716 1795 782 1850 nesi.

69 1907 72 1912 ,
106 1870 283 1940 Frangendus
299 1871 398 1926 misero
414 1871 526 1941 gingiva
542 1873 620 1942 penis
636 1873 746 1928 inermi:
920 1887 957 1929 eoo

105 1948 199 2018 Usque
217 1947 287 2003 odeo
303 1948 395 2017 gravis
411 1949 491 2002 uxori
508 1950 636 2018 nutuque
652 1947 760 2018 sibique

105 2022 143 2076 Ut
161 2024 294 2094 captatori
309 2027 419 2080 moreat
435 2024 546 2079 fastidis
564 2025 654 2081 Cosso.

104 2098 165 2153 Non
183 2101 280 2156 eedem
296 2101 352 2156 vini
369 2105 454 2172 utque
471 2101 526 2156 cibi
543 2103 671 2171 torpente
688 2102 780 2172 palute

103 2174 224 2232 Gaudia:
245 2195 310 2234 nam
327 2178 415 2233 coitus
429 2178 489 2247 jem
506 2178 588 2246 longe
604 2177 719 2246 oblivi05
741 2177 825 2236 velsi

104 2253 222 2324 (toneris,
236 2255 314 2324 jacet
332 2254 447 2324 exiguus
465 2271 527 2310 cum
545 2255 647 2310 ramice
665 2271 772 2324 nervus,
918 2271 955 2314 ιιι

104 2329 139 2384 llt
156 2331 280 2400 quemvis
297 2334 358 2386 totu
376 2331 504 2402 palpetur
522 2333 604 2386 nocte
617 2329 731 2399 jacebit
1018 2333 1021 2342 “

103 2408 182 2462 Anne
201 2407 305 2478 aliquid
323 2424 434 2478 sperare
452 2410 545 2478 potest
562 2406 631 2462 buec
648 2406 767 2476 inguinis
784 2409 860 2479 eegr-i

102 2483 239 2540 Canitiesl
263 2484 336 2554 quid,
356 2484 430 2552 quod
448 2484 547 2538 merito
566 2485 693 2554 suspectu
710 2481 796 2540 libido
814 2489 858 2542 est

102 2559 176 2625 Quae
195 2560 334 2616 Venerem
352 2561 463 2616 affectet
476 2560 539 2629 *sine
558 2559 669 2614 viribus.
705 2559 807 2630 Aspice
823 2563 912 2632 pertis

102 2637 178 2690 Nunc
189 2636 320 2692 domnum
332 2636 456 2692 ulterius:
468 2653 532 2690 nem
543 2652 615 2706 quse
626 2638 756 2692 mutante
766 2636 900 2712 voluptas,
917 2655 954 2696 eso

101 2712 141 2766 Sit
158 2712 224 2784 licet
242 2713 359 2768 eximius
377 2713 552 2768 citharoedus
570 2712 641 2768 sitve
660 2712 797 2782 selenen,

100 2788 136 2842 lit
154 2790 252 2858 quibus
270 2794 368 2846 eurota
385 2805 444 2845 mos
462 2793 505 2846 est
521 2790 628 2860 fulgere
644 2789 769 2845 lucernel

47 2917 55 2934 ,
85 2863 170 2932 ,Quid
187 2867 276 2922 refert
293 2867 386 2960 magni
406 2866 501 2922 sedeat
520 2883 575 2936 quo
592 2869 673 2937 purte
690 2865 801 2935 theatri,

99 2940 150 3007 Qui
168 2942 214 2997 rix
232 2944 383 3000 cornicines
391 2943 532 3000 'exaudiet
550 2947 635 3014 etque
653 2943 784 2999 tuberum

99 3019 269 3076 Ooncentusi
292 3021 411 3076 clumore
429 3037 499 3091 opus
517 3023 612 3076 estut
630 3019 733 3076 sentiet
750 3021 824 3076 euris
914 3033 952 3082 sis

98 3095 184 3161 Quem
203 3095 278 3152 dicut
295 3098 402 3154 venisse
419 3114 496 3169 puer,
515 3100 584 3166 quot
601 3097 714 3152 nunciet
731 3096 821 3154 bores.

99 3170 886 3246 Pruetcreumiuimusgelidojsmiucorporesuoguis

163 3263 225 3308 JUY.
