2126 3532
131 125 166 214 ea
368 160 401 208 n.
419 154 524 209 amur
540 155 753 208 Jovuusms

125 251 168 305 ιΙῐι
186 249 312 304 manibus
330 249 408 302 vultu
427 245 608 300 Eumenidum
626 248 750 302 terretur
765 255 795 302 et
813 247 887 318 igni:
961 264 997 306 ns

132 327 188 382 Hic
205 327 275 381 bove
292 340 422 394 percusso
439 324 545 392 mugire
564 325 773 393 Agamemnona
790 327 885 380 credit

131 405 193 458 Aut
212 403 344 457 Ithacum
382 401 481 455 Parcet
499 400 598 455 tunicis
615 401 681 456 licet
698 404 782 470 atque
800 401 930 471 lacernis,

132 479 274 536 Curatoris
291 481 356 547 eget
374 477 421 546 qui
438 494 536 532 narem
553 478 693 532 mercibus
711 477 811 548 implet

132 557 180 611 Ad
198 571 333 610 summum
350 555 423 609 latus
441 557 471 608 ct
488 554 584 608 tabula
601 554 784 624 distinguitur
801 555 888 624 unda,

131 633 222 698 Quum
239 632 277 686 sit
294 649 376 687 causa
393 631 458 685 mali
475 631 546 686 tanti
564 634 594 686 ct
612 632 776 686 discriminis
792 631 881 700 hujus
961 649 995 687 a]

119 705 275 764 ¹concisum
292 712 439 777 argentum
456 709 597 763 intitules
614 709 753 778 faciesque
769 709 904 766 minutas.

130 786 285 841 Occurrunt
301 787 388 840 nubes
406 789 436 840 et
453 786 575 855 frigam
597 785 715 840 “solvite
728 785 848 862 funem?

131 863 276 918 Frumenti
295 863 421 916 dominus
438 862 540 917 clamat
556 861 693 932 piperisve
711 862 848 932 coempti;

131 939 198 994 “Nil
214 940 288 994 color
304 939 349 994 hic
366 939 441 1006 eseli,
454 939 493 992 nil
509 939 594 994 fascia
610 939 688 1007 nigra
706 940 842 1004 minatur;

130 1017 275 1072 Aestivum
292 1016 396 1070 tonat.”
434 1016 533 1070 Infelix
551 1015 603 1070 hec
619 1015 733 1070 forsitan
750 1015 809 1084 ipsa
957 1033 993 1072 ase

129 1092 218 1148 Nocte
235 1093 317 1148 cadet
334 1092 429 1147 fractis
446 1093 578 1160 trabibus,
597 1092 740 1160 fluctuque
757 1094 906 1162 premetur

123 1168 253 1242 ¹Obrutus
271 1171 300 1224 et
317 1185 413 1224 aonam
430 1169 508 1223 laeva
525 1183 673 1237 morsuque
690 1168 803 1222 tenebit

128 1245 184 1302 Sed
202 1245 282 1314 cujus
300 1247 371 1300 votis
389 1245 471 1300 modo
488 1261 543 1300 non
560 1245 708 1300 suffecerat
724 1261 822 1300 aurum

129 1321 209 1387 Quod
227 1323 317 1392 Tagus
334 1326 363 1377 et
380 1322 464 1376 rutila
480 1321 567 1377 volvit
587 1320 714 1377 Pactolus
732 1337 824 1389 arena,

128 1397 245 1467 Frigida
262 1399 396 1454 sufficient
412 1399 535 1453 velantes
551 1399 664 1468 inguina
680 1398 765 1469 panni
955 1417 992 1457 sun

127 1474 305 1545 Erigoneque
322 1476 407 1543 cibus,
426 1491 515 1530 mersa
532 1479 593 1530 rate
611 1476 761 1544 naufragus
778 1491 871 1531 assem

126 1551 201 1608 Dum
220 1557 300 1622 rogat
318 1555 348 1607 et
364 1552 441 1623 picta
458 1569 487 1606 se
505 1555 673 1622 tempestate
692 1556 793 1607 tuetur.

161 1629 256 1685 'fantis
273 1633 354 1700 parte
370 1629 449 1683 malis
468 1645 534 1684 cura
551 1629 655 1699 majore
672 1632 805 1698 metuque

126 1706 283 1762 Servantur.
319 1706 422 1761 Misera
438 1709 482 1760 est
499 1706 590 1774 magni
608 1705 734 1760 custodia
751 1722 855 1762 census

126 1782 274 1852 Dispositis
290 1783 435 1852 praedives
452 1782 541 1836 hamis
558 1782 673 1851 vigilare
689 1781 830 1838 cohortem
953 1798 991 1838 ace

125 1858 270 1914 Servorum
288 1865 371 1914 noctu
390 1858 499 1912 Licinus
513 1857 604 1927 jubet,
622 1859 759 1914 attonitus
775 1875 826 1928 pro

125 1935 236 1990 Electro
254 1936 393 2005 signisque
411 1935 468 1989 suis
487 1934 661 2005 Phrygiaque
678 1935 804 1990 columna

125 2013 222 2082 Atque
237 2013 321 2067 ebore
339 2017 369 2068 ct
384 2013 441 2068 lata
458 2012 606 2068 testudine
644 2012 724 2066 Delie
740 2012 809 2068 nudi

124 2088 151 2143 N
152 2105 188 2143 on
205 2089 305 2144 ardent
323 2089 429 2158 Cynici:
454 2089 477 2144 si
495 2089 617 2158 fregeris,
635 2089 723 2143 altera
740 2089 790 2144 fiet

124 2166 192 2222 Cras
209 2165 308 2220 domus
318 2169 367 2220 aut
385 2166 482 2221 eadem
500 2165 613 2236 plumbo
630 2166 774 2220 commissa
788 2165 920 2224 mauebit
946 2185 986 2224 sm

124 2243 216 2298 Sensit
235 2243 402 2311 Alexander,
415 2246 490 2298 testa
507 2258 591 2311 quum
609 2241 681 2296 vidit
699 2242 727 2296 in
745 2242 793 2296 illa

123 2318 256 2388 Magnum
273 2318 465 2386 habitatorem,
482 2322 586 2389 quanto
603 2317 709 2373 felicior
725 2319 771 2373 hic
788 2319 836 2388 qui

122 2395 149 2450 N
151 2396 170 2449 il
187 2399 301 2465 cuperet
318 2413 401 2466 quam
420 2396 467 2464 qui
485 2399 575 2450 totum
592 2395 644 2450 sibi
661 2399 789 2465 posceret
806 2394 910 2464 orbem,

80 2449 111 2556 lis*
147 2489 258 2526 essurus
274 2473 360 2541 gestis
377 2472 521 2543 aequom
537 2471 661 2542 pericula
677 2471 768 2527 rebus

76 2549 108 2602 ⁸:2³
150 2547 236 2603 ullum
253 2565 354 2604 numen
372 2549 452 2604 abest
469 2549 492 2602 si
510 2548 547 2603 sit
566 2547 732 2604 Prudentia:
755 2564 806 2602 nos
823 2550 861 2616 tc,
940 2563 980 2605 ³15

35 2639 38 2644 ’
121 2623 180 2678 Nos
196 2624 319 2693 facimus,
338 2625 469 2692 Fortuna,
488 2621 576 2679 deam.
612 2624 745 2680 Mensura
761 2629 943 2692 consequae

122 2700 245 2757 Sufficiat
262 2717 366 2770 census,
385 2701 409 2756 si
427 2702 488 2772 quis
506 2717 550 2756 me
568 2701 699 2766 consulet
718 2701 814 2758 edam:

122 2775 307 2846 loquantum
326 2779 386 2834 sitis
403 2783 487 2848 etque
505 2779 590 2834 fames
608 2781 638 2834 et
655 2779 758 2848 frigora
774 2780 900 2849 poscunt,
922 2811 928 2844 ρ

121 2853 270 2924 Quantum,
288 2855 412 2925 llpicure,
431 2855 484 2910 tibi
501 2857 594 2926 parvis
612 2855 720 2910 suffecit
737 2857 765 2910 in
778 2855 878 2923 -horus,

121 2928 261 2992 Quantum
279 2931 409 2984 Socratici
426 2936 560 3000 ceperunt
577 2936 642 2986 ante
659 2936 780 3000 penates
938 2945 975 2988 seo

120 3002 270 3072 Nunquam
287 3003 361 3057 aliud
379 3005 487 3060 Natura
503 3005 737 3077 aliudISapicntia
754 3006 830 3062 dicit.

121 3077 242 3131 Acribus
259 3079 392 3146 exemplis
409 3079 505 3134 videor
522 3085 552 3134 te
569 3081 712 3135 claudere:
736 3083 821 3137 misce

121 3151 195 3220 Ergo
212 3153 317 3221 aliquid
335 3153 436 3206 nostris
454 3154 490 3207 de
507 3155 645 3221 moribus;
668 3157 745 3210 effice
761 3173 896 3212 summam
986 3203 990 3212 .

132 3225 170 3278 iis
188 3230 295 3296 septem
310 3225 451 3280 ordinibus
468 3245 551 3297 quam
568 3229 614 3284 lex
631 3229 762 3300 dignatur
779 3232 903 3292 Othonis.
