2126 3532
365 97 369 142 ἶ
448 90 580 140 serina
597 90 673 140 XlV.
716 101 746 149 J
950 91 993 148 ’87

125 183 226 249 mnam
244 180 363 252 primum
380 179 512 248 praedam
529 183 612 252 rupte
629 183 788 248 gustaverat
803 191 864 242 ere.
966 197 991 238 ea

174 258 344 312 Aedificator
362 260 423 314 erat
441 257 594 325 Getreniue,
613 261 642 312 et
653 257 734 316 medo
752 273 835 316 curre

132 334 231 390 Litore
250 333 371 401 Caietae,
388 350 495 390 eumuna
512 349 584 390 nune
601 333 710 388 Tiburis
728 349 798 401 aree,

136 411 162 463 N
166 427 219 464 une
239 409 424 466 Praenestinis
441 410 470 464 in
487 409 631 476 mentibus,
650 410 707 464 alta
724 411 842 480 parabat

36 529 39 534 .
136 486 264 541 Culmina
281 487 414 555 villarium,
433 487 545 544 Graecis
563 486 697 555 longeque
714 487 810 556 petitis

130 563 319 621 Marmorarius
330 563 440 620 rineens
453 564 684 632 remaneatque
697 563 825 618 Herculis
836 563 940 632 aedem,
964 580 988 620 ee

135 638 177 694 Ut
194 639 280 710 spado
298 639 424 696 vincebat
443 639 578 710 Capitolia
596 643 690 700 nestra
708 639 830 694 Posides.

91 735 92 739 ¹
135 713 210 770 lium
228 717 267 771 eie
285 716 476 785 ergo-habitat
495 717 644 780 cerrenus,
662 716 801 770 imminuit
818 734 884 784 rem,

136 791 233 859 Fregit
250 810 322 862 opes,
341 800 392 848 nee
409 809 493 864 parva
511 797 603 849 tamen
621 809 749 846 mensura
766 793 879 856 relictae

135 867 226 923 Partis
244 874 320 934 erat}
337 873 425 928 notan
444 871 513 926 hane
531 871 653 924 turbavit
670 869 741 922 filius
759 885 859 938 amens,

135 945 208 999 llum
226 946 339 1002 meliore
356 963 439 1003 nevae
457 947 560 1004 attollit
578 961 714 1000 marmore
732 945 817 998 uillae.
963 961 987 1004 ea

171 1022 287 1087 Quidam
306 1023 395 1078 eortit
388 1039 397 1076 ι
415 1027 583 1080 metuentem
602 1023 717 1078 sabbata
735 1026 843 1090 patrem

134 1097 182 1151 Nil
199 1103 279 1168 praet
280 1116 311 1152 er
328 1099 414 1156 nubea
433 1105 462 1154 et
479 1099 547 1157 caeli
566 1116 666 1156 numen
685 1091 808 1166 aderant,
892 1099 895 1106 '

135 1174 194 1228 Nee
213 1174 268 1228 dist
256 1178 315 1228 tare
332 1179 433 1244 putant
450 1175 569 1234 humana
586 1191 667 1228 earne
685 1174 797 1242 suillam,

135 1252 195 1315 Qua
211 1257 291 1320 pater
308 1251 372 1306 abst
360 1251 458 1316 tinuit3
475 1269 538 1311 mex
557 1257 586 1306 et
604 1251 747 1320 praeputia
764 1253 883 1318 ponunt:

134 1325 271 1385 Romanas
288 1333 381 1382 autem
399 1328 471 1388 soliti
490 1331 664 1386 contemnere
681 1326 725 1392 leg
709 1341 756 1380 eee
951 1343 986 1382 me

133 1403 152 1456 J
156 1403 280 1466 udarcnm
299 1404 423 1463 ediscunt
442 1409 471 1460 et
488 1408 599 1460 servant
615 1420 647 1456 ae
664 1401 818 1456 metuunt
805 1419 860 1470 Jua,

133 1479 258 1534 Tradidit
275 1496 373 1533 areana
392 1479 573 1549 quodeunque
590 1479 726 1534 volumine
744 1478 848 1534 Moses:

133 1555 196 1608 Non
214 1559 364 1630 monstrare
382 1558 439 1611 viae
457 1557 554 1613 eadem
572 1556 624 1621 nisi
643 1572 719 1610 saera
737 1555 846 1624 colenti,

133 1630 293 1698 Quaesitum
310 1632 347 1686 ad
363 1633 467 1695 sentem
487 1633 557 1689 soles
576 1633 714 1687 deducere
731 1647 836 1700 verpus.

132 1707 187 1762 Sed
204 1710 284 1777 pater
301 1708 330 1762 in
347 1725 436 1776 eausa,
454 1710 500 1762 eui
518 1710 635 1779 septima
653 1723 778 1778 quaeque
795 1707 848 1762 fuit
865 1707 915 1764 lux
949 1725 985 1764 ιιι

131 1783 235 1852 Ignara
252 1788 282 1839 et
299 1789 406 1854 partem
425 1785 499 1840 vitae
516 1803 570 1839 nen
587 1785 681 1854 attigit
698 1784 790 1838 ullam.

165 1861 269 1930 Sponte
286 1865 380 1918 tamen
393 1861 511 1929 juvenes
526 1862 672 1919 imitantur
689 1865 788 1928 cetera,
807 1860 892 1929 solam

131 1936 216 1995 Inviti
234 1955 344 2026 quoque
361 1939 506 2001 avaritiam
524 1955 653 1997 exercere
666 1937 806 2006 jubentur.
849 1992 850 1996 ,

130 2012 213 2068 Fallit
230 2014 302 2102 enirn
319 2015 417 2070 vitium
434 2015 524 2084 speeie
543 2016 617 2070 rirtu
619 2015 654 2073 tie
671 2017 700 2082 et
688 2012 822 2081 tumere,

129 2090 257 2155 Quum
237 2093 273 2144 ert
290 2091 371 2165 triete
389 2091 484 2146 habitu
501 2091 559 2146 vult
547 2095 633 2160 tuque
651 2094 681 2144 et
698 2092 775 2144 veste
793 2105 924 2157 severum,
948 2105 983 2144 no

129 2166 188 2221 Nee
205 2167 288 2221 dubie
306 2171 438 2236 tanquam
455 2168 528 2236 frugi
546 2167 676 2222 laudatur
692 2181 797 2234 avarus,

128 2243 267 2311 Tanquam
284 2260 382 2312 pareus
401 2243 481 2300 homo
499 2248 528 2300 et
545 2261 637 2302 rernm
655 2241 743 2297 tutela
760 2257 871 2298 suarum

129 2319 212 2380 Certa
230 2321 316 2386 magis
334 2337 415 2388 quam
434 2321 457 2374 ei
475 2320 600 2374 fortunas
618 2322 708 2374 servet
726 2318 837 2372 easdem

129 2397 314 2465 Hesperidum
327 2415 439 2468 serpens
451 2402 499 2454 aut
512 2397 649 2456 Ponticus.
685 2395 768 2450 Adde
780 2395 854 2464 quod
866 2395 937 2450 hune
947 2395 982 2450 de
999 2399 1020 2469 {p

129 2473 188 2540 Quo
205 2475 302 2542 loquor
320 2475 459 2542 egregium
478 2475 594 2544 populus
612 2475 693 2544 putat
710 2471 870 2540 anquirendi
946 2487 981 2526 ιιι

128 2550 284 2606 Artificem:
304 2551 406 2620 qnippe
424 2552 466 2606 hia
484 2555 610 2608 creseunt
627 2547 793 2620 patrimonia
810 2547 908 2603 fabris:

127 2626 182 2681 Sed
200 2631 326 2683 creseunt
344 2644 505 2697 quecunque
523 2627 611 2694 unedo,
630 2625 789 2696 majoraque
806 2624 878 2680 fiunt

128 2701 233 2757 Ineude
250 2703 360 2758 assidua
378 2721 540 2773 semperque
558 2699 675 2758 ardente
694 2701 808 2756 camino.

128 2777 165 2831 Et
181 2783 261 2847 pater
278 2796 344 2848 erge
362 2779 446 2834 animi
464 2781 563 2840 ielieea'
574 2780 663 2836 eredit
682 2794 784 2846 arares,

128 2853 179 2919 Qui
196 2855 313 2910 miratur
330 2873 404 2926 epea,
422 2857 470 2924 qui
488 2858 562 2914 nulla
580 2855 706 2925 exempla
723 2853 799 2908 beati
945 2868 982 2910 aar

128 2929 259 3000 Pauperis
277 2949 337 2990 ease
354 2937 449 3002 putat3
462 2933 579 3002 juvenes
596 2934 724 2986 hortatur
741 2935 774 2985 ut
790 2929 864 2987 illam

127 3005 173 3062 Ire
190 3007 262 3064 viam
278 3014 395 3078 pergent
412 3015 441 3066 et
459 3011 549 3068 eidem
566 3009 724 3067 incumbere
742 3010 841 3064 sectae

127 3082 196 3138 Sunt
214 3086 348 3153 quaedam
366 3086 495 3143 vitiorum
513 3087 665 3152 elementa;
682 3085 724 3138 hia
741 3083 866 3152 protinus
884 3082 945 3138 illae

128 3160 232 3222 Imbuii
249 3164 279 3218 e
296 3163 369 3231 roga
386 3163 512 3226 minimas
530 3163 654 3218 ediscere
672 3159 782 3226 sordem
805 3218 812 3233 .
