2164 3536
352 140 354 144 ’
421 133 556 184 SATIRA
572 133 653 185 VIII.
729 139 731 143 ’
933 138 965 186 53

110 224 192 294 Quod
210 224 233 279 si
252 222 432 294 praecipitem
451 222 525 292 rapit
543 222 657 278 ambitio
678 225 763 293 atque
782 222 875 290 libido,
913 217 966 280 '13⁵

109 303 140 358 Si
158 301 261 370 frangis
280 301 370 368 virgas
386 300 521 354 sociorum
539 299 723 368 insanguine,
741 299 765 354 si
780 303 810 356 te

109 379 257 434 Delectant
275 377 390 434 hebetes
408 377 479 431 lasso
497 377 593 430 lictore
612 393 731 445 secures,

110 455 212 525 Incipit
230 454 352 524 ipsorum
371 457 467 508 contra
484 456 514 507 to
535 457 610 508 stare
628 457 774 523 parentum
821 487 826 506 1

110 531 248 586 Nobilitas
266 530 423 600 'claramque
440 529 529 584 facem
548 529 687 599 praeferre
706 529 850 606 pudendis

110 608 299 684 Omnevanimi
320 607 418 662 vitium
436 610 514 662 10010
534 606 706 676 conspectius
723 607 752 661 in
772 624 801 662 se
933 621 967 663 no

111 684 221 740 Crimen
239 684 332 753 habet,
349 685 451 752 quanto
469 683 557 752 major
576 683 623 752 qui
642 686 737 752 peccat
755 683 880 739 habetur.
909 705 911 708 ·

110 761 172 826 Quo
190 760 256 814 mihi
275 764 313 830 to,
332 760 442 814 solitum
460 759 544 814 falsas
562 759 670 827 signare
688 759 803 814 tabellas

110 837 146 892 In
164 837 274 906 templis
292 854 363 907 quae
381 837 448 911 fecit
466 853 532 890 avus
551 838 726 905 statuamque
744 837 869 906 parentis

111 915 188 968 Ante
210 913 422 983 triumphalem?
446 929 509 990 quo,
528 912 552 966 si
570 915 720 966 nocturnus
738 913 849 969 adulter

110 989 243 1060 Tempora
262 989 407 1044 Santonico
426 991 500 1044 velas
519 989 653 1058 adoperta
670 989 794 1046 cucullol
931 1004 967 1044 145

145 1065 260 1121 Praeter
278 1065 413 1135 majorum
433 1067 539 1120 cineres
558 1069 642 1135 atque
661 1083 723 1122 0000
740 1066 860 1122 volucri·

3 1177 4 1206 f
111 1142 250 1213 carpento
266 1143 373 1212 rapitur
390 1142 498 1212 pinguis
518 1143 677 1211 Lateranus,
696 1143 811 1214 etipse,

3 1221 4 1288 j
111 1219 176 1289 Ipse
194 1219 283 1274 rotam
302 1219 450 1288 adstringit
468 1218 556 1273 multo
574 1218 725 1273 sufflamine
745 1218 856 1286 conam

110 1296 200 1350 Nocte
220 1297 344 1364 quidam:
370 1296 419 1350 sed
437 1296 502 1349 luna
519 1295 604 1361 videt,
623 1295 673 1349 sed
691 1295 784 1350 sidera
801 1299 889 1351 testes

111 1372 265 1427 Intendunt
284 1373 381 1427 oculos.
419 1372 540 1426 Ninitum
557 1375 668 1440 tempus
689 1372 799 1426 honoris
930 1387 967 1427 150

111 1448 202 1514 Quum
219 1449 310 1514 fuerit,
328 1449 402 1503 clara
422 1448 574 1502 Lateranus
592 1447 652 1502 luce
671 1448 809 1516 flagellum

111 1525 209 1580 Sumet
227 1525 257 1579 01
275 1541 417 1579 occursum
436 1540 576 1597 nunquam
594 1523 746 1593 trepidabit
762 1523 842 1578 amici

110 1601 175 1655 Jam
194 1602 272 1674 sanis,
289 1617 322 1655 ac
340 1601 417 1669 virga
433 1601 510 1670 prior
527 1605 634 1655 000001·
647 1604 733 1670 atqua
750 1600 883 1671 maniplos

3 1697 6 1714 ³
111 1677 204 1732 Solvet
225 1681 254 1732 et
273 1675 401 1732 infundet
416 1677 551 1746 jumentis
570 1677 673 1732 hordea
692 1677 778 1732 lassis.

111 1753 306 1810 Intereadum
324 1755 430 1809 lanatas
448 1757 612 1824 torvumque
626 1754 774 1823 juvencum
930 1772 966 1812 110

110 1837 189 1892 More
206 1838 314 1892 Numae
331 1838 423 1892 caedit
441 1837 518 1892 Jovis
535 1843 600 1893 aute
618 1838 732 1905 altaria,¹
737 1838 816 1906 jurat

110 1913 202 1968 Solam
220 1915 343 1984 Eponam
361 1917 391 1968 01
408 1914 491 1968 facies
508 1914 581 1968 olida
598 1913 636 1968 ad
652 1915 796 1984 praesepia
812 1915 907 1985 pictas.

110 1988 167 2044 Sed
184 2007 268 2060 quum
285 1990 431 2060 pervigiles
448 1989 540 2059 placet
556 1989 710 2045 instaurare
727 1993 848 2060 popinas,

3 2107 5 2134 3
110 2065 214 2120 Obvius
231 2066 341 2120 assiduo
360 2065 547 2135 Syrophoenix
564 2066 636 2120 udus
653 2082 760 2120 amomo
856 2105 859 2111 ,

4 2141 5 2144 ’
110 2142 212 2210 Currit,
233 2142 381 2196 Idumaeae
399 2142 586 2212 Syrophoenix
604 2142 692 2196 incola
709 2145 846 2211 portua*
931 2157 967 2197 100

110 2218 238 2289 Hospitis
256 2219 356 2272 affectu
374 2217 514 2272 dominum
534 2233 682 2287 regemque
700 2219 809 2286 salutat,

109 2295 147 2349 Ilt
164 2311 226 2349 oum
242 2295 330 2349 venali
349 2295 440 2362 Oyano
456 2295 593 2350 succincta
610 2294 714 2363 lagena

144 2372 279 2426 Defensor
296 2371 392 2442 culpae
410 2371 485 2426 dicet
502 2370 577 2439 mihi,
597 2371 743 2425 “Fecimus
760 2373 790 2424 et
812 2387 863 2425 nos

111 2449 189 2504 Haec
201 2448 341 2517 juvenes.”
376 2449 452 2506 Esto.
488 2448 591 2502 Desisti
608 2463 714 2517 nempe,
732 2463 788 2501 000·
801 2447 875 2502 ultra

110 2525 216 2580 Fovisti
233 2541 361 2578 errorem.
397 2525 487 2579 Breve
506 2524 549 2591 sit,
567 2524 642 2593 quod
658 2523 779 2592 turpiter
795 2522 908 2590 audes;'
930 2540 967 2578 ros

3 2663 4 2674 χ
111 2601 252 2668 Quaedam
270 2619 333 2655 cum
350 2601 439 2672 prima
456 2604 615 2655 resecentur
631 2600 745 2657 01101100
761 2599 849 2654 barba
858 2620 866 2666 ;
945 2605 946 2608 ’

111 2677 229 2746 indulge
246 2678 352 2734 veniam
370 2677 476 2748 pueris:
494 2677 649 2732 Lateranus
666 2676 702 2730 ad
719 2676 780 2730 illos

111 2753 289 2808 Thermarum
306 2753 403 2813 calices
419 2753 606 2825 inscriptaque
623 2753 708 2808 lintea
725 2751 803 2807 vadit

110 2829 238 2886 Maturus
257 2829 337 2896 bello,
356 2830 505 2884 Armeniae
523 2829 670 2899 Syriaeque
688 2828 800 2883 tuendis
864 2841 866 2845 ’

111 2905 248 2960 Amnibus
265 2909 295 2960 et
314 2905 410 2960 Rheno
427 2909 511 2975 atquo
530 2906 611 2960 latro.
648 2905 793 2958 Praestare
809 2904 948 2959 Neronem

112 2982 244 3036 Securum
261 2982 335 3036 valet
353 2981 420 3036 haec
438 2986 522 3038 aetas.
560 2982 643 3036 Mitte
661 2981 738 3049 ostia,
758 2981 868 3049 Caesar,
931 2995 965 3034 171

2 3079 5 3090 ·
62 3085 64 3094 =
110 3057 213 3114 Mittas
227 3057 278 3114 sed
295 3057 324 3112 in
341 3072 441 3126 magna
458 3058 579 3128 legatum
597 3075 699 3126 quaere
716 3057 832 3126 popina;

111 3135 240 3190 Invenies
256 3134 349 3204 aliquo
366 3149 429 3187 cum
445 3151 607 3204 percussore
618 3133 768 3203 jacentem,

2 3278 12 3293 ⁴.
111 3211 284 3268 Permixtum
301 3209 392 3264 nautis
409 3213 439 3266 et
455 3211 561 3266 iuribus
578 3227 610 3276 ac
627 3209 758 3280 fugitivis,
