2126 3532
421 161 555 212 SATIRA
571 161 662 212 XIV.¹
926 167 962 215 ci

105 247 286 322 Flagrantem
303 250 359 306 late
376 253 407 304 et
424 251 576 318 rapientem
594 253 693 304 cuncta
709 249 823 306 videbis.
928 267 965 308 24⁵

104 331 135 386 N
138 347 169 384 ec
188 329 238 382 tibi
256 332 386 396 parcetur
403 328 509 394 misero,
527 327 721 396 trepidumque
740 330 904 396 magistrum

105 406 145 460 In
162 421 244 460 cavea
261 421 359 472 magno
376 403 489 458 fremitu
507 403 550 458 leo
566 403 647 458 tollet
664 404 796 459 alumnus.

104 483 134 537 N
137 485 182 536 cta
199 481 400 540 mathematicis
417 481 525 548 genesis
543 483 605 536 tua:
630 481 681 534 scd
697 498 781 550 grave
798 481 894 538 tardas

105 559 277 628 Exspectare
294 557 374 612 eolus.
412 557 539 612 Morieris
557 559 674 612 stamine
691 559 812 616 nondum
976 620 978 624 ,

105 635 244 704 Abrupta.
280 634 345 688 Jam
362 652 434 690 nunc
453 635 545 690 obstas
564 638 593 689 ct
611 640 675 690 vota
692 639 815 703 moraris,
927 653 964 696 rac

105 712 173 765 Jam
190 710 329 780 torquet
316 727 447 778 juvenem
465 712 546 780 longa
564 714 593 765 et
612 712 720 766 cervina
738 717 870 768 senectus

106 788 189 846 Ocius
203 789 377 876 Archigenen
390 803 491 856 quaere
505 792 589 858 atque
601 805 662 844 eme
674 789 749 856 qued
761 790 939 846 Mithridates

106 865 313 935 Composuit
291 881 315 919 s1
332 847 374 920 vis
391 865 472 920 eiiam
491 864 641 935 decerpere
659 865 741 920 ficum

106 945 203 1010 Atque
215 943 282 998 alias
293 946 414 996 tractare
425 958 507 997 rosas
544 942 716 996 Medicameu
729 941 885 996 habendum
894 947 951 997 est

105 1019 224 1073 Sorbere
242 1021 307 1074 ante
324 1019 416 1073 cibum
434 1019 509 1086 quod
527 1018 675 1074 debeattc
646 1021 740 1087 cttpa
742 1036 772 1072 er
789 1023 819 1076 et
836 1037 893 1074 rex.
928 1034 963 1074 ms

142 1097 266 1150 clanstro
284 1095 454 1165 voluptatem
472 1111 554 1163 egre
539 1095 612 1152 eiam
629 1095 673 1149 cui
690 1095 765 1150 nulla
782 1095 949 1162 theatra,

106 1172 190 1226 Nulla
207 1189 326 1242 aequare
344 1189 428 1241 queas
448 1171 586 1226 Praeteris
603 1172 710 1242 pulpita
728 1173 805 1240 lauti,

106 1249 136 1302 Si
155 1253 261 1318 spectes
279 1254 382 1318 quanto
399 1249 498 1318 capitis
516 1249 673 1304 discrimine
690 1252 818 1306 constent

107 1325 283 1392 incrementa
299 1325 403 1392 demus,
422 1330 517 1380 aerata
533 1326 637 1380 multus
654 1326 683 1380 in
702 1343 766 1380 arca

13 1415 19 1424 ·
106 1401 203 1456 Fiscus
221 1407 250 1457 et
267 1403 304 1458 ad
321 1403 430 1470 vigilem
448 1403 567 1470 ponendi
586 1403 700 1458 Castora
717 1402 828 1469 nummi,
927 1419 964 1458 700

107 1477 149 1531 lix
168 1495 222 1546 quo
241 1480 316 1533 Mars
334 1479 417 1534 Ultor
433 1478 541 1546 galeam
559 1496 669 1548 quoque
686 1479 810 1548 perdidit
828 1480 857 1534 ct
875 1493 927 1532 res,

107 1553 170 1608 Non
188 1555 280 1624 potuit
298 1572 408 1610 servare
427 1571 496 1610 suas.
535 1556 607 1624 Ergo
626 1555 718 1610 omnia
737 1555 834 1610 Florae

106 1630 143 1684 Et
162 1631 270 1685 Cereris
287 1632 354 1686 licet
370 1637 399 1687 et
417 1632 533 1700 Cybeles
551 1632 647 1686 aulaea
664 1631 803 1700 relinquas
808 1651 816 1698 3

106 1706 194 1762 Tanto
212 1708 331 1778 majores
346 1709 465 1764 humana
482 1709 593 1778 negotia
610 1709 675 1762 ludi.

106 1786 153 1838 Au
170 1785 256 1852 magis
273 1786 413 1840 oblectant
431 1786 551 1840 animum
565 1785 672 1854 jactata
689 1788 806 1855 petatur>
927 1799 963 1840 cm

106 1859 228 1930 Gorpcra
246 1862 347 1931 quique
365 1863 435 1916 sciet
452 1865 558 1916 rectum
577 1861 745 1918 descendere
762 1861 864 1929 sunem,

107 1939 194 2004 Quum
212 1942 244 1992 tu
263 1939 377 2006 caryota
393 1955 502 2008 semper
521 1939 568 2008 qui
586 1955 678 2008 puppe
695 1938 811 1992 moraris

106 2016 201 2083 Atque
218 2014 335 2080 habitas,
355 2015 425 2070 (1070
444 2031 552 2084 semper
569 2015 708 2068 tollendus
729 2017 760 2068 et
778 2015 892 2082 Austro,

105 2089 203 2145 Perdit
191 2095 236 2145 tus
253 2109 285 2146 ac
301 2092 361 2146 vilis
382 2091 454 2146 sacci
472 2095 577 2145 mercat
578 2108 610 2144 or
565 2091 740 2154 tolentis3

105 2168 159 2232 Qui
175 2168 280 2238 gaudes
296 2169 398 2258 pingue
415 2185 451 2221 an
451 2168 544 2238 tiquae
562 2168 598 2222 de
616 2168 697 2222 litare
716 2168 815 2222 Cretae
924 2181 961 2222 770

55 2236 66 2267 ⁸
106 2245 220 2299 Passum
238 2245 433 2374 etmunicipes
452 2243 528 2298 Jovis
548 2243 691 2300 advexisse
707 2244 837 2313 lagenas?

105 2319 190 2375 Hict
178 2325 271 2376 tamen
289 2321 391 2388 ancipit
391 2321 401 2372 i
417 2321 504 2388 figens
522 2321 639 2388 vestigia
655 2321 751 2391 planta

104 2396 216 2451 Victum
232 2397 280 2450 illa
297 2397 424 2450 mercede
441 2400 523 2464 parat
539 2397 721 2466 brumamque
738 2398 896 2466 famemque

106 2473 158 2526 lita
174 2478 249 2528 reste
267 2477 361 2538 cavet3
384 2477 415 2526 tu
432 2477 547 2542 propter
564 2473 639 2528 mille
656 2475 763 2530 talenta

105 2549 142 2604 Et
160 2555 270 2604 centum
289 2549 366 2606 villas
383 2549 554 2604 temerarius.
592 2550 695 2620 Aspice
712 2553 809 2620 pertus
924 2563 960 2608 27⁵

105 2625 143 2680 Et
153 2627 264 2694 plenum
276 2627 382 2693 magnis
391 2624 516 2680 trabibus
528 2643 618 2691 ruare;
630 2627 692 2696 plus
704 2627 845 2680 honrinum
852 2624 960 2695 estjam
1045 2651 1047 2656 ’

106 2701 140 2755 111
158 2703 272 2771 pelagc;
295 2703 389 2758 veniet
406 2702 498 2758 classis
517 2717 680 2774 quecunque
697 2704 801 2758 vocarit

106 2777 173 2845 spes
190 2778 268 2845 lueri,
286 2796 337 2832 nec
356 2778 535 2848 Carpathium
554 2779 727 2848 Gaetulaque
745 2783 858 2852 tantpm

107 2857 236 2921 Aequora
253 2855 396 2920 transiliet,
415 2859 467 2916 sad
482 2855 562 2924 lunge
581 2855 665 2924 Calpe
683 2855 781 2910 relicta

106 2929 212 2986 Audict
232 2930 368 2984 Herculeo
386 2934 549 2986 stridentem
567 2933 677 3001 gurgite
696 2932 788 2987 solem.
922 2949 960 2988 ase

106 3005 217 3062 Grande
235 3023 334 3076 operae
351 3007 471 3076 pretium
490 3012 533 3061 est
550 3015 582 3062 ut
599 3005 679 3064 tens'o
694 3008 759 3062 fctle
776 3009 879 3064 reverti

107 3083 177 3137 Inde
196 3082 307 3136 domum
325 3083 419 3152 possis,
438 3083 599 3152 tumidaque
617 3085 752 3154 superbus
770 3084 848 3140 aluta

106 3159 206 3214 Oceani
224 3163 346 3212 monstra
363 3163 392 3212 et
405 3158 521 3226 juvenes
541 3160 640 3214 vidisse
658 3161 783 3214 marinos

1 3279 2 3284 1
105 3237 254 3298 Nonunus
271 3235 483 3302 mentesegitct
499 3235 583 3292 171707.
619 3235 672 3292 llic
689 3235 791 3290 sororis
