2134 3536
130 117 160 163 10
366 114 398 163 D.
415 115 521 166 JUNII
537 116 555 164 J
558 116 746 166 UVENALIS
856 137 858 143 ·

446 309 589 367 SATIRA
608 311 666 366 111.

130 433 263 499 anurrs
280 432 407 502 digressu
424 431 525 486 veteris
543 431 670 487 confusus
688 429 775 498 amici,

129 509 226 564 Laudo
243 514 336 564 tamen
354 509 446 562 vacatis
464 507 539 576 quod
557 507 651 567 sedem
670 507 755 575 figere
773 505 868 566 Ouinia

129 585 259 640 Destinet
276 589 361 654 atque
378 601 463 641 arnum
480 585 566 638 civem
584 583 686 638 donare
705 583 831 652 Sibyllae.

129 662 149 716 J
150 679 221 716 anua
238 661 369 717 Baiarum
387 665 430 715 est
447 663 477 714 et
494 664 603 728 gratum
620 661 685 714 litus
703 660 809 714 mnoeni

130 739 264 794 Secessus
300 739 359 807 ltgo
377 737 420 791 vel
439 737 602 805 Prochytam
620 753 757 806 praepono
776 734 921 802 Saburrae,
974 752 988 792 a

129 816 201 869 Nam
219 813 287 884 quid
303 813 515 880 tammiserum,
532 817 590 867 tam
607 811 694 866 solum
711 811 835 879 vidimus,
853 815 886 866 ut
904 828 962 869 non

132 891 260 946 Deterihs
278 891 375 946 credas
392 890 503 943 horrere
520 888 653 956 incendia,
672 888 764 958 lapsus

128 968 272 1021 Tectorum
290 966 412 1020 assiduos
430 982 462 1019 ae
478 965 553 1019 mille
570 965 693 1035 pericula
710 981 807 1022 saevae

129 1043 213 1097 Urbis
231 1047 260 1097 et
279 1045 405 1110 Angusto
422 1042 569 1096 recitantes
587 1057 680 1096 mense
697 1043 810 1113 poetasl

130 1119 186 1174 Sed
203 1120 270 1176 dum
287 1123 347 1174 teta
364 1119 461 1173 domus
477 1117 565 1172 rheda
582 1119 752 1187 componitur
768 1133 830 1186 une,
962 1134 985 1173 1⁰

129 1197 258 1252 Substitit
276 1195 312 1250 ad
329 1199 436 1249 veteres
453 1211 531 1248 aretis
548 1193 741 1262 madidamque
758 1194 905 1264 capenam.

129 1273 191 1342 Hie,
208 1273 256 1326 ubi
273 1275 421 1326 nocturnae
440 1270 532 1324 Numa
549 1271 733 1326 constituebat
751 1272 862 1339 amicae,

128 1351 155 1405 N
156 1367 208 1404 une
226 1349 296 1403 sacri
312 1349 397 1403 fontis
413 1364 509 1402 nemus
528 1351 557 1401 et
575 1347 690 1401 delubra
706 1347 832 1402 locantur

129 1429 148 1481 J
150 1426 252 1494 udaeis,
271 1443 387 1496 quorum
404 1424 535 1492 cophinus
551 1425 716 1492 foenumque
734 1423 864 1492 supellex.

128 1503 222 1558 Omnis
240 1503 311 1557 enim
329 1501 429 1571 populo
448 1500 603 1554 mercedem
620 1499 742 1570 pendere
756 1499 836 1568 jussa
853 1503 897 1557 est
959 1515 983 1554 15

128 1580 227 1646 Arbor,
246 1583 275 1633 et
292 1577 388 1646 ejectis
405 1576 544 1631 mendicat
562 1577 630 1630 silva
649 1577 782 1632 Camenis.

129 1657 163 1710 In
180 1655 277 1709 vallem
296 1653 433 1722 Aegeriae
448 1652 639 1707 descendimus
656 1656 685 1708 et
703 1653 844 1722 speluncas

128 1733 279 1787 Dissimiles
295 1732 373 1785 veris.
412 1730 521 1796 Quanto
538 1730 723 1797 praestantius
741 1733 815 1786 esset

128 1809 238 1864 Numen
255 1825 351 1878 aquae,
369 1807 451 1862 viridi
468 1808 492 1860 si
509 1807 632 1876 margine
650 1806 792 1862 clauderet
809 1805 899 1862 undas

128 1886 232 1954 Herba,
250 1902 301 1939 nec
317 1885 466 1952 ingenuum
484 1885 617 1939 violarent
634 1899 770 1938 marmora
786 1882 910 1952 tophum.
957 1899 982 1938 aa

129 1962 184 2016 Hic
201 1965 266 2016 tunc
284 1960 448 2028 Umbricius,
468 1961 583 2026 Quando
601 1959 714 2026 artibus,
731 1960 829 2029 inquit,
847 1959 969 2015 honestis

127 2038 226 2092 Nullus
243 2038 272 2090 in
290 2036 369 2090 Urbe
386 2037 468 2106 loeus,
485 2037 561 2090 nulla
577 2036 762 2091 emolumenta
778 2035 911 2102 laborum,

128 2113 184 2168 Res
201 2113 283 2167 hodie
297 2113 387 2166 minor
405 2115 448 2167 est
466 2113 532 2168 hera
549 2130 632 2182 qnam
643 2113 704 2182 fuit,
716 2117 802 2182 atque
814 2113 910 2168 eadem
921 2129 981 2170 cras

128 2189 245 2244 Deteret
261 2189 369 2257 exiguis
386 2189 497 2258 aliquid,
515 2190 692 2260 proponimus
709 2189 774 2243 illuc

128 2266 175 2320 Ire
192 2267 321 2335 fatigatas
339 2265 386 2318 ubi
405 2266 543 2320 Daedalus
560 2267 636 2320 exirit
654 2266 718 2334 alas,
955 2282 979 2322 as
1044 2269 1045 2310 i

128 2343 202 2396 Dum
219 2359 289 2397 nova
306 2343 429 2410 canities,
447 2343 513 2396 dum
530 2343 619 2411 prima
636 2347 665 2397 et
682 2347 759 2398 recta
776 2345 909 2411 senectus,

129 2419 201 2474 Dum
219 2422 344 2488 superest
362 2419 476 2473 Lachesi
494 2419 569 2489 quod
585 2423 721 2489 torqueat,
740 2419 903 2487 etpedibus
919 2437 964 2476 me

128 2495 213 2550 Porto
230 2497 306 2565 meis,
323 2495 398 2550 nullo
416 2496 543 2550 dextram
561 2497 695 2550 subeunte
712 2494 818 2552 baculo.

129 2572 265 2626 Cedamus
282 2572 386 2640 patria:
408 2573 503 2625 vivant
521 2571 650 2625 Artorius
667 2571 730 2626 istie

129 2647 167 2702 Et
185 2647 312 2713 Catulus3
329 2652 458 2702 maneant
476 2643 524 2726 q'ui
540 2647 649 2716 nigrum
666 2647 694 2700 in
712 2649 830 2704 eandida
846 2651 965 2718 vertunt,

129 2724 196 2788 Quis
213 2725 291 2778 facile
309 2728 352 2779 est
369 2725 466 2778 aedem
484 2725 643 2792 conducere,
661 2725 780 2794 flumina,
798 2730 901 2795 portus,
954 2743 977 2783 ³1

129 2800 288 2855 Siccandam
306 2800 431 2870 eluviem,
448 2801 614 2870 portandum
632 2801 669 2855 ad
685 2801 767 2856 busta
784 2802 908 2872 cadaver,

129 2877 166 2931 lit
182 2877 315 2946 praebere
329 2882 417 2946 eaput
434 2878 545 2932 domina
561 2878 658 2932 renale
675 2878 726 2931 sub
743 2878 830 2933 hasta

130 2953 273 3018 Quondam
293 2954 322 3008 hi
342 2956 491 3010 cornicines
510 2960 539 3010 et
559 2955 730 3024 municipalis
749 2971 848 3010 arenae

130 3030 261 3100 Perpetui
278 3032 391 3086 comites
409 3035 545 3102 notaeque
565 3049 617 3101 per
636 3031 739 3100 oppida
756 3031 860 3087 buccae
954 3048 978 3090 ss

129 3107 246 3160 Munera
262 3123 336 3161 nunc
355 3108 448 3176 edunt,
470 3112 499 3162 et
518 3125 596 3162 verse
617 3109 714 3178 pollice
733 3108 809 3176 vulgi

138 3181 218 3240 luem
235 3183 306 3240 libet
324 3185 453 3240 occidunt
471 3186 653 3255 populariter:
676 3184 742 3240 inde
759 3185 864 3240 reversi
