2134 3536
215 423 254 490 D.
291 421 454 489 JUNII
490 420 814 489 JUVENALIS

349 567 684 636 SATIRARUM

394 805 397 812 Δ
427 747 558 807 auena
578 733 616 810 1.‘

504 912 528 970 1.

87 1011 207 1071 Sauras
224 1029 276 1084 ago
293 1015 403 1071 auditor
419 1017 547 1070 tontum?
564 1031 739 1084 nunquamne
756 1025 895 1085 reponam,

86 1090 213 1145 Vexatus
230 1089 315 1144 toties
331 1091 407 1144 rauci
425 1089 560 1154 Theseide
578 1091 679 1146 Oodrr'l

87 1166 205 1236 Impune
221 1183 287 1234 erge
305 1167 372 1220 mihi
389 1167 548 1222 recitaverit
564 1167 611 1220 ille
628 1170 744 1235 togatas,

87 1241 143 1297 Hic
160 1243 270 1311 elegosl
288 1242 399 1310 impune
417 1242 491 1296 diem
507 1243 687 1297 consumserit
704 1243 800 1310 ingens

86 1319 228 1388 Telephus,
245 1321 295 1373 aut
313 1319 412 1372 summi
428 1319 511 1388 plena
524 1318 585 1386 jam
602 1319 724 1386 margine
742 1319 805 1372 libri
928 1329 941 1370 u

86 1395 212 1465 Scriptus
230 1399 260 1450 et
276 1395 305 1449 in
322 1398 410 1464 tergo,
427 1411 477 1448 neo
495 1394 561 1448 dum
578 1395 680 1465 finitus,
699 1394 830 1448 Orestesl

85 1471 160 1526 Nota
177 1471 265 1540 magis
282 1471 351 1524 nulli
369 1471 466 1525 domus
484 1475 527 1526 est
545 1488 594 1524 sua
612 1487 693 1540 quam
710 1469 777 1524 mihi
793 1471 871 1544 lucus

86 1547 193 1614 Martis,
212 1551 241 1602 ct
259 1547 364 1600 Aeoliis
382 1547 500 1601 vicinum
518 1547 632 1617 rupibus
650 1551 760 1602 antrum

85 1623 210 1680 Vulcani.
247 1624 320 1689 Quid
338 1627 422 1691 agant
439 1623 532 1692 Venti,
551 1641 619 1694 quas
636 1627 767 1697 torqueat
783 1623 896 1678 umbras

85 1701 202 1766 Aeacus,
219 1700 294 1754 uude
311 1700 379 1754 allus
395 1700 514 1755 furtivae
532 1700 651 1754 devehat
668 1717 765 1759 aurum
910 1715 940 1776 ,ιο
1012 1751 1016 1761 .

85 1777 240 1844 Pellioulae,
258 1781 375 1846 quantas
389 1777 528 1845 jaculetur
546 1777 695 1846 Monychus
713 1794 800 1844 ornos,

85 1851 231 1908 Frontonis
248 1853 352 1924 platani
369 1854 551 1922 convulsaque
568 1871 703 1914 marmora
720 1855 839 1912 clamant

84 1929 200 2000 Semper
217 1933 247 1984 et
264 1929 374 1984 assiduo
392 1933 492 1999 ruptae
510 1930 613 1984 lectore
629 1931 777 1984 columnae.

84 2005 222 2076 Expectes
241 2006 338 2060 eadem
357 2022 374 2060 a
392 2023 497 2061 summo
515 2007 682 2076 minimoque
700 2010 790 2076 poeta.

84 2081 122 2137 lit
138 2099 188 2137 nos
205 2099 272 2151 ergo
289 2098 400 2136 manum
418 2083 522 2136 ferulae
540 2083 726 2149 subduximus,
745 2087 774 2136 et
790 2098 840 2137 nos
914 2094 938 2134 15

85 2158 234 2213 Consilium
254 2158 382 2212 dedimus
403 2157 496 2213 Sullae
516 2159 640 2228 privatus
660 2163 692 2213 ut
710 2159 796 2213 altum

84 2233 232 2290 Dormiret.
268 2235 360 2289 Stulta
378 2238 422 2289 est
443 2235 595 2304 clementia,
614 2253 698 2304 quum
716 2239 759 2290 tot
776 2234 879 2306 ubique

84 2309 203 2366 Vatibus
221 2327 355 2379 occurras,
372 2311 513 2381 periturae
529 2327 643 2380 parcere
661 2313 798 2368 chartea

119 2387 176 2442 Gur
193 2391 286 2442 tamen
304 2388 356 2441 hoe
374 2387 466 2458 potius
485 2385 571 2442 libeat
590 2388 736 2444 decurrere
756 2403 851 2457 campo

84 2458 140 2520 Per
157 2480 239 2532 quem
260 2480 375 2532 magnus
396 2480 481 2533 equos
503 2466 649 2519 Auruncae
669 2464 746 2518 flexit
765 2465 897 2530 alumnus,
913 2477 937 2517 2⁰

83 2529 210 2594 Si'vacat
230 2542 259 2594 et
279 2540 379 2609 placidi
398 2540 534 2596 rationem
553 2541 709 2609 admittitis,
721 2541 815 2594 edam.

12 2637 14 2643 ’
83 2615 174 2681 Quum
193 2619 274 2670 tenor
294 2632 408 2670 uxorem
427 2616 511 2671 ducat
529 2617 629 2687 spad03
651 2617 758 2671 Maeuia
777 2617 894 2678 Tuscum

83 2691 164 2760 Figat
182 2709 279 2760 aprum
300 2696 329 2747 et
347 2693 422 2746 nuda
440 2696 538 2748 teneat
556 2693 691 2748 venabula
709 2709 842 2758 manmra3

83 2766 218 2823 Patricius
235 2785 329 2824 omnes
345 2769 443 2838 opibus
462 2786 548 2838 quum
566 2773 790 2838 provocaturus,

82 2844 143 2911 Quo
159 2844 293 2900 tondente
312 2846 404 2914 gravis
418 2845 522 2914 juveni·
532 2847 600 2900 mihi
617 2846 704 2900 barba
722 2846 849 2910 sonabat3
912 2859 937 2900 aa

12 2932 13 2936 ’
83 2921 173 2988 Quum
191 2937 256 2991 pars
275 2923 397 2976 Niliacae
414 2923 511 2992 plebis
529 2939 613 2992 quum
631 2939 717 2977 verna
734 2921 839 2994 Canopi

83 2997 231 3068 Crispinus,
250 2999 345 3068 llys-ias
362 2998 476 3053 humero
493 3002 638 3054 revocante
655 2999 785 3069 lacernas,

82 3071 207 3130 Ventilet
228 3073 362 3130 aestivum
380 3075 475 3143 digitis
492 3075 656 3130 sudantibus
674 3093 778 3144 aurum,

82 3149 142 3204 Neo
158 3149 274 3206 sufferre
291 3154 377 3220 queat
393 3150 508 3220 majoris
524 3151 648 3222 pondera
664 3169 805 3220 gemmae:

82 3223 254 3282 Difficileest
266 3225 446 3288 mammaea
458 3225 587 3284 smiberc.
621 3227 694 3283 Nam
706 3228 890 3299 quisiniquae
911 3239 937 3280 ao

152 3316 215 3360 VVV·
433 3329 434 3333 ’
848 3319 867 3360 Β

123 3369 137 3470 Ι
