2134 3536
338 163 349 170 ·’
433 144 566 195 SATIRA
584 144 622 193 II.

941 141 956 195 7

101 238 227 292 Vellera:
247 251 297 290 vos
316 234 394 292 tenui
412 239 610 305 praegnantem
631 233 749 288 stamine
766 232 858 296 ,fusum
932 246 956 284 aa

102 313 241 386 Penelope
262 312 366 379 melius,
388 312 474 366 levius
494 311 632 380 torquetis
653 310 789 378 Arachne,

101 389 225 442 Horrida
243 389 324 457 quale
344 388 410 444 facit
428 388 552 442 residens
567 389 596 440 in
611 387 704 442 codice
719 387 817 455 pellex.

100 465 127 518 N
129 469 206 518 otum
226 469 269 520 cst
288 483 338 520 cur
356 465 413 520 solo
432 465 542 519 tabulas
560 464 716 534 impleverit
736 463 835 523 Hister

99 541 222 604 liberto,
242 542 353 596 dederit
372 543 449 596 vivus
470 559 518 596 cur
537 541 624 598 multa
644 540 758 610 puellae

99 619 185 673 Divos
203 619 257 672 crit
275 635 373 686 magno
390 635 459 688 quae
478 617 579 673 dormit
596 619 681 672 tertia
700 618 780 670 lecto.

99 695 142 747 'l'u
158 695 232 748 nube
250 697 334 763 atquc
351 699 425 750 tace:
449 694 551 750 donant
569 711 667 748 arcane
684 691 826 760 cylindros.

98 771 144 824 De
162 771 240 824 nobis
257 774 321 840 post
339 771 406 826 hacc
426 771 516 826 tristis
537 770 673 826 sententia
690 769 786 823 fertur.

98 848 156 902 Dat
175 849 281 901 veniam
301 849 395 916 corvis,
415 851 499 902 vexat
518 865 631 902 censura
652 843 814 900 columbas.”

99 923 243 991 Fugerunt
264 923 366 991 trepidi
385 941 453 978 reru
473 941 505 978 ac
523 924 670 978 ararnifcsta
689 924 830 976 canentem

98 1001 246 1056 Stoicidae.
282 1001 355 1066 Qud
373 1001 445 1058 enim
462 1001 524 1054 falsi
543 1000 696 1056 Lauronial
733 997 788 1054 Sed
804 999 873 1062 quid

60 1127 64 1134 .
98 1078 163 1131 Non
181 1077 283 1130 facient
302 1077 347 1130 alii
368 1094 453 1145 quum
474 1081 506 1130 tu
524 1077 646 1130 multicia
665 1091 763 1142 sumas,

98 1155 215 1222 Cretico,
237 1158 266 1207 ct
286 1154 356 1208 hanc
376 1159 482 1208 vestem
502 1154 601 1222 popnlo
620 1153 738 1206 mirante
756 1165 868 1220 perores

99 1231 134 1284 In
156 1231 286 1284 Proculas
298 1235 327 1284 ct
340 1231 471 1285 Pollitasl
508 1231 558 1284 list
577 1229 689 1284 moecha
708 1227 838 1292 Fabulla3

98 1307 254 1360 Darnnetur
273 1307 296 1360 si
316 1307 358 1360 vis
375 1307 459 1362 etiam
479 1306 610 1360 Carfinia:
629 1306 714 1360 talem

97 1383 162 1436 Non
183 1387 274 1438 sumet
294 1383 425 1438 damnata
446 1388 545 1450 togam.
569 1381 646 1436 “Sed
667 1381 758 1434 Julius
779 1381 867 1447 ardet,
929 1395 940 1436 t

98 1459 230 1514 Aestuo.”
267 1461 366 1514 Nudus
388 1477 468 1528 ngas3
488 1459 578 1515 miuus
599 1461 643 1512 cst
661 1457 765 1510 insania
784 1457 881 1526 turpis.

97 1537 141 1590 En
161 1537 286 1590 habitum
305 1553 360 1604 qno
380 1540 410 1590 te
428 1536 503 1605 leges
523 1553 555 1590 ac
569 1534 635 1603 jura
653 1534 786 1588 ferentem

97 1611 267 1672 Vulneribus
286 1607 379 1668 'crudis
399 1613 516 1683 populus
536 1611 618 1666 modo
639 1611 726 1665 victor
744 1613 773 1664 et
793 1609 864 1664 illud

98 1689 262 1745 Montanum
283 1690 379 1758 positis
401 1690 511 1744 audiret
533 1689 630 1757 vulgus
651 1686 766 1742 aratris!
789 1689 792 1700 ’

98 1765 174 1829 Quid
192 1782 246 1820 uon
264 1766 416 1835 proclames
435 1765 464 1820 in
483 1781 595 1835 corpore
612 1765 717 1834 judicis
735 1765 790 1818 istu

97 1843 127 1896 Si
146 1841 256 1897 videasl
293 1843 400 1908 Quaero
412 1860 447 1899 an
466 1843 583 1898 deceant
601 1841 723 1896 multicia
744 1841 862 1898 testeml

39 1981 41 1988 ¹
98 1923 174 1974 Acer
192 1923 221 1974 et
240 1919 389 1976 indomitus
407 1920 598 1988 libertatisque
616 1919 754 1988 magister,

98 1996 215 2064 Cretice,
234 1997 369 2066 pellaces!
407 1996 493 2053 Dedit
511 1997 581 2052 hanc
600 1996 725 2064 contagio
746 1995 837 2051 labem

98 2072 137 2126 Iit
157 2071 235 2126 dabit
254 2075 284 2133 in
301 2073 408 2142 plures:
427 2073 497 2128 sicut
518 2089 586 2141 grex
608 2075 683 2126 totus
701 2073 730 2126 in
750 2071 824 2142 agris

98 2149 188 2202 Unius
206 2149 298 2204 scabie
318 2150 393 2206 cadit
414 2152 444 2204 ct
463 2149 602 2218 porrigine
621 2149 706 2218 porci,

98 2218 216 2286 Uvaque
235 2221 362 2272 contacta
380 2219 493 2276 livorem
512 2219 589 2274 ducit
606 2219 642 2274 ab
660 2235 720 2274 uva

98 2294 219 2348 Foedius
237 2294 289 2348 hec
309 2295 414 2363 aliquid
432 2295 597 2364 quandoque
615 2295 728 2350 audebis
748 2295 859 2351 amictu

97 2370 188 2425 Nemo
205 2374 320 2440 repente
337 2372 412 2429 venit
429 2372 613 2441 turpissimus:
638 2373 773 2442 accipient
789 2376 819 2432 a

98 2445 247 2501 Paullatim
264 2449 312 2516 qni
329 2447 410 2516 longa
427 2447 502 2502 domi
519 2448 679 2504 redimicula
696 2452 806 2504 sumunt

98 2521 256 2590 Frontibus,
275 2527 304 2578 et
321 2527 381 2578 tcto
398 2540 513 2594 posuere
530 2525 641 2580 monilia
658 2525 733 2593 collo,

99 2600 196 2669 Atque
215 2599 320 2656 Bonam
335 2603 450 2656 tenerae
468 2600 580 2671 placant
597 2600 742 2656 abdomine
759 2619 860 2672 porcae

98 2676 138 2730 Et
154 2693 254 2744 magno
272 2680 378 2732 cratere
396 2677 499 2743 Deam;
522 2677 572 2732 sed
588 2695 664 2732 more
682 2677 790 2732 sinistro

99 2751 250 2821 Exagitata
266 2755 361 2823 procul
377 2771 432 2808 non
449 2755 536 2810 intrat
553 2754 655 2808 femina
671 2754 768 2810 limen:

99 2827 172 2883 Solis
186 2846 235 2884 ara
253 2830 329 2884 Deae
347 2831 472 2886 maribus.
485 2834 570 2900 patet.
608 2831 654 2884 Ite
671 2831 815 2899 profanae!

100 2904 256 2961 clamatur:
279 2905 353 2960 nullo
369 2908 455 2974 gemit
472 2907 516 2962 hic
533 2907 647 2970 tibicina
665 2923 757 2964 cornu.

99 2982 176 3036 Talia
193 2986 300 3038 secreta
317 2983 460 3039 coluerunt
476 2983 553 3052 orgia
570 2983 654 3041 taeda

101 3058 261 3129 Cecropiam
278 3060 351 3116 soliti
368 3060 475 3130 Baptae
492 3061 593 3114 lassare
611 3060 732 3130 Cotyttc·

101 3135 343 3206 llle'supercilium
359 3137 472 3192 madida
487 3137 600 3204 fuligine
616 3141 723 3193 tactum

101 3209 220 3287 Obliqua
236 3212 364 3283 producit
382 3230 434 3278 acu
451 3213 594 3282 pingitque
610 3217 760 3272 trementes
