2164 3536
122 94 153 145 78
357 95 391 145 D.
408 95 515 147 JUNII
531 97 550 146 J
554 96 740 148 UVENALIS

121 182 215 236 Tantis
235 182 318 251 digna
338 182 399 238 deis
418 187 449 240 ot
470 184 657 254 captatoribus
677 185 786 242 horum

122 259 204 314 Alter
223 260 304 328 enim,
323 260 347 314 si
365 259 499 316 oonoodas
520 264 649 330 mactare,
668 261 780 317 vovebit
939 279 977 319 na

122 336 164 392 De
179 353 262 404 grege
280 351 421 390 servornm
439 353 540 406 magna
558 341 588 392 et
609 337 774 407 pulcerrima
792 355 919 410 quaeque

121 412 257 482 Corpom
279 413 323 468 vel
342 413 435 482 pueris
454 417 484 468 et
502 413 639 468 frontibus
655 415 814 470 ancillarum

121 488 250 559 Imponet
270 489 354 544 vittas
373 493 403 544 et
422 490 445 544 si
464 507 520 559 qua
542 494 584 544 est
604 490 704 545 nubiiis
725 491 765 546 illi
808 487 811 492 ’

121 564 265 635 Iphigenia
285 565 359 620 domi
378 565 456 620 dabit
475 565 545 620 bano
563 565 702 634 alannus,
723 567 776 621 etsi
834 595 836 598 ·

119 641 182 696 Non
203 645 296 712 sperat
314 643 436 710 tragicae
456 643 558 716 furtiva
578 643 685 712 piacula
704 659 809 698 cervae.

119 717 216 771 Laudo
234 735 326 774 meum
344 718 439 786 civem,
456 735 507 774 noo
527 735 655 788 comparo
677 723 843 774 testamento

119 793 196 848 Mille
214 797 300 849 retes:
322 812 386 850 nam
403 795 426 848 si
447 794 597 850 Libitinam
617 795 734 850 evaserit
754 811 837 864 aeger
905 855 909 862 ,

119 869 230 924 Delabit
247 871 363 939 tabulas,
383 871 502 926 inclusus
522 889 632 927 earcere
650 887 754 940 nassae,

119 946 187 1000 Post
205 947 334 1002 meritum
355 963 420 1002 sane
440 947 604 1010 mirandum,
625 951 709 1016 atque
729 946 820 1000 omnia
840 947 890 1001 soli

119 1021 223 1077 Forsan
243 1023 361 1079 Pacuvio
381 1023 503 1078 breviter
522 1023 608 1079 debit.
644 1023 696 1078 Ille
716 1023 850 1093 superbus
935 1039 972 1080 125

119 1099 235 1154 Incedet
257 1099 335 1154 vietis
354 1099 501 1154 rivalibus·
527 1100 601 1170 Ergo
621 1100 699 1155 vides
719 1115 801 1170 quam

119 1173 230 1230 Grande
246 1191 346 1245 operae
366 1175 485 1245 pretium
504 1175 589 1231 faeiat
601 1177 731 1246 jugulata
751 1174 879 1244 Mycenis

153 1251 237 1306 Vivat
257 1251 392 1308 Pacuvius
412 1269 513 1321 quaeso
532 1253 577 1308 vel
597 1253 718 1309 Nestora
737 1256 844 1316 totum3

119 1327 262 1383 Possideat
282 1332 416 1397 qnantum
435 1329 528 1397 rapuit
549 1329 642 1396 Nero;
665 1328 805 1384 montibus
824 1343 923 1382 aurum

118 1405 276 1474 Exaequet;
291 1422 344 1460 neo
359 1407 435 1460 amet
449 1421 615 1475 quenquam,
629 1422 680 1462 noe
692 1407 801 1460 ornetur
811 1402 847 1460 ab
859 1403 922 1458 ullo.
936 1419 972 1460 raa

411 1724 555 1780 SATIRA
580 1725 668 1782 XIII.

116 1865 253 1921 Exnnrro
278 1863 462 1935 quodeunque
483 1866 555 1920 malo
574 1864 757 1920 committitur
774 1864 825 1934 ipsi

115 1943 248 2013 Displioet
267 1942 377 1998 auctori
416 1941 509 1998 Prima
528 1947 572 1997 ost
591 1942 660 2002 baec
681 1941 756 2008 ultio,
776 1940 850 2010 qnod
869 1958 900 1994 se

114 2019 216 2074 Judios
235 2035 317 2074 nemo
337 2035 438 2074 nooons
457 2019 614 2084 absolvitur,
634 2017 759 2087 improba
777 2016 902 2086 quamvis

114 2094 210 2150 Gratia
228 2095 318 2150 fallari
339 2095 477 2158 Praetoris
497 2094 594 2150 vioerit
611 2111 687 2150 urna.

114 2171 188 2238 Quid
206 2173 308 2227 sentire
325 2174 409 2242 putas
427 2187 529 2237 omnes,
543 2170 662 2238 Calvino,
681 2169 785 2226 recenti
955 2185 968 2222 s
1062 2181 1063 2192 ¹

114 2246 157 2302 Do
172 2248 275 2304 scelere
293 2251 324 2303 et
343 2247 408 2304 fldoi
428 2247 546 2302 violatae
565 2247 694 2302 erimine?
730 2246 785 2302 Sed
799 2262 851 2302 neo

115 2323 180 2378 Tam
199 2325 289 2378 tenuis
309 2339 405 2379 consus
426 2325 477 2379 tibi
494 2323 611 2393 eontigit
628 2325 661 2378 ut
677 2321 821 2377 mediocris

113 2401 245 2456 Jaoturua
264 2405 294 2454 te
311 2403 422 2470 mergat
440 2417 516 2468 onus,
537 2416 588 2456 neo
605 2416 669 2454 rara
688 2398 812 2454 videmus

114 2476 190 2542 Quae
210 2477 321 2546 pateris.
357 2477 442 2532 (iasar
460 2477 556 2532 multis
574 2476 620 2532 hio
639 2476 818 2545 cogniturae
834 2473 894 2542 jam

113 2552 254 2608 'l'rituset
274 2553 399 2609 emedio
420 2553 665 2609 fortunaeduetus
683 2568 788 2608 acervo
818 2557 827 2582 ⁸
943 2567 969 2604 io
1061 2603 1063 2610 Α

113 2628 248 2684 Ponamus
266 2631 365 2686 nimios
382 2631 517 2700 gemituum
536 2630 694 2699 flagrantior
712 2645 799 2698 nequo

112 2705 175 2760 Non
197 2705 281 2761 debet
299 2706 378 2762 dolor
396 2724 456 2762 esse
476 2707 528 2762 viri
546 2723 597 2762 neo
615 2705 726 2760 vulnere
748 2704 841 2774 major.

112 2781 152 2835 Tu
171 2783 293 2851 quamvis
313 2783 414 2838 lorium
433 2783 573 2838 mimmanr
593 2783 777 2852 exiguamque
799 2779 931 2836 melonum

112 2857 277 2912 Par-ticulum
296 2859 342 2914 vix
360 2859 433 2914 ferre
453 2864 541 2930 potes,
563 2858 753 2929 spumantibus
771 2858 870 2912 ardens

111 2931 270 2989 Visoeribns
290 2951 398 2990 ssorum
418 2934 471 2990 tibi
490 2935 566 3004 quod
583 2951 637 2990 non
656 2933 756 2990 reddat
775 2933 880 2988 amicus
939 2949 966 2988 se

111 3006 290 3076 Depositumi
311 3013 406 3080 stupet
426 3010 493 3066 baec
512 3011 559 3079 qiu·
577 3010 638 3079 jam
656 3013 720 3080 post
740 3013 820 3079 terga
833 3009 949 3079 reliquit

111 3081 260 3150 Sexaginta
277 3102 368 3148 annos,
387 3085 501 3140 Fonteio
523 3086 639 3142 Oonsulo
657 3085 755 3142 natmi

120 3161 158 3209 ‘n
176 3157 242 3211 nibil
260 3159 289 3214 in
307 3160 405 3216 melius
423 3164 466 3217 tot
484 3177 577 3218 rarum
592 3161 702 3232 proficis
719 3162 789 3220 usui

1059 1641 1062 1720 i

1055 1774 1063 1914 i
