2134 3536
403 122 536 172 SATIRA
553 123 575 174 1.
593 123 632 174 11.

73 209 237 282 Ingenium
253 226 305 282 par
322 213 472 268 materiaei
489 212 563 267 unde
580 213 628 268 illa
644 213 766 284 priorum

74 289 233 345 Scribendi
251 287 435 358 quodcunque
451 289 541 343 animo
558 289 692 360 flagrante
709 291 808 348 liberet

74 367 266 436 Simplicitas,
282 366 362 436 cujus
377 383 432 420 non
449 367 539 421 audeo
557 367 649 422 dicere
665 371 785 425 nomenl

76 444 167 511 Quid
183 445 268 498 refert
286 444 369 499 dictis
385 444 509 513 ignoscat
527 444 635 499 Mucius
651 461 687 500 an
703 447 776 502 noni

75 521 167 577 Pone
184 521 360 590 Tigellinum:
378 521 462 575 taeda
479 519 581 575 lucebis
598 521 627 575 in
644 521 692 576 illa
911 539 947 580 155

77 598 151 664 Qua
169 601 274 652 santes
291 597 392 652 ardent
409 597 457 666 qui
474 598 530 651 fixo
547 599 661 666 gutture
678 598 793 670 fumant,
850 605 853 614 ⁴

77 675 127 728 Et
144 674 232 728 latum
250 673 341 729 media
359 674 464 728 sulcum
481 673 594 728 deducis
612 691 703 730 meua.

78 751 144 817 Qui
161 751 242 806 dedit
260 769 326 820 ergo
342 751 432 806 tribus
445 752 555 822 patruis
573 752 681 806 aconita
697 753 815 809 vehatur

78 827 244 883 Pensilibus
261 829 369 898 plumis,
387 832 471 898 atque
489 827 562 882 illinc
580 827 714 898 despiciet
732 833 798 886 nosl

80 906 180 972 Quum
197 905 289 960 veniet
306 908 401 960 contra
419 905 507 974 digito
524 921 666 975 compesce
684 905 829 963 labellum:
909 927 944 965 rco

80 983 243 1036 Accusator
259 982 314 1037 erit
332 983 378 1050 qui
396 983 511 1036 verbum
529 981 639 1050 dixerit,
659 983 714 1038 Hic
732 987 783 1040 est.

79 1058 205 1112 Securius
222 1057 287 1113 licet
306 1060 430 1114 Aeneam
449 1059 638 1128 Rutulumque
654 1059 773 1114 ferocem

80 1134 264 1190 Committas:
281 1136 349 1189 nulli
365 1135 457 1204 gravis
474 1139 517 1190 est
534 1151 680 1206 percussus
699 1137 828 1206 Achilles,

81 1211 149 1265 Aut
165 1211 283 1265 multum
301 1213 442 1282 quaesitus
460 1213 549 1284 Hylas
565 1228 717 1282 urnamque
735 1220 852 1270 seontm

81 1287 160 1342 Ense
177 1287 255 1342 velut
272 1289 368 1344 stricto
385 1291 492 1360 quoties
511 1289 632 1343 Lucilius
649 1290 748 1345 ardens
908 1309 943 1347 los

86 1364 243 1426 infremuit,
260 1365 343 1420 rubet
360 1366 470 1421 auditor
487 1367 531 1420 cui
547 1365 648 1434 frigida
664 1381 741 1421 mens
758 1370 803 1424 est

83 1439 260 1510 Criminibus,
278 1443 364 1497 tacita
380 1444 481 1498 sudant
498 1442 659 1512 praecordia
676 1442 763 1513 culpa

83 1516 157 1572 Inde
174 1518 233 1571 irae
249 1521 279 1573 et
296 1519 430 1575 lacrimae.
465 1521 565 1575 'lecum
582 1521 658 1589 prius
676 1537 742 1589 ergo
759 1521 854 1576 voluta

83 1592 164 1648 Haec
181 1594 271 1649 animo
289 1601 354 1652 anto
372 1597 467 1653 tubas:
485 1599 624 1666 galeatum
642 1613 703 1653 sero
721 1597 806 1653 duelli

83 1669 395 1744 Paenitet-Experiar
413 1675 481 1744 quid
498 1675 665 1730 concedatur
682 1675 710 1728 in
729 1675 790 1730 illos
906 1691 942 1730 170

84 1746 210 1812 Quorum
228 1747 361 1806 Flaminia
377 1753 483 1821 tegitur
499 1752 566 1806 cinis
583 1756 667 1822 atque
685 1751 791 1807 Latina

374 1948 649 1956 ——-—-—--..-..--

412 2083 557 2141 saints.
577 2086 617 2144 II.

82 2203 187 2258 Uurna
205 2202 379 2259 &mactatas
396 2203 492 2273 sugere
508 2203 572 2260 hino
588 2205 658 2261 libet
674 2207 705 2262 et
721 2207 863 2276 glacialem

84 2280 231 2345 Oceanum,
251 2281 359 2349 quotics
376 2280 481 2348 aliquid
498 2281 534 2334 de
552 2282 673 2337 moribus
690 2283 794 2353 audept

84 2356 139 2422 Qui
158 2356 255 2412 Ourios
272 2357 401 2410 simulant
419 2361 449 2410 et
466 2357 648 2412 Bacchanalia
664 2359 777 2427 vivunt3

83 2433 196 2487 indocti
212 2433 340 2502 primum,
357 2449 514 2503 quanquam
531 2433 614 2504 plena
631 2435 721 2489 omnia
737 2453 823 2508 gypso

84 2509 229 2580 Chrysippi
246 2510 375 2564 invenies.
411 2511 483 2564 Nam
499 2511 716 2580 perfectissimus
733 2511 831 2567 horum
848 2518 892 2569 est
922 2531 938 2584 ¹c

84 2587 113 2642 Si
131 2587 192 2656 quis
211 2587 391 2642 Aristotelem
409 2589 525 2643 similem
542 2589 586 2643 vel
604 2589 731 2644 Pittacon
749 2591 825 2659 emit,
923 2591 926 2598 ⁴

84 2664 123 2718 Et
136 2664 219 2734 jubet
237 2663 399 2734 archetypos
416 2665 540 2734 pluteum
559 2681 669 2721 servare
687 2666 842 2722 Cleanthas.

84 2739 196 2795 Frontis
212 2739 287 2794 nulla
304 2740 381 2794 fides.
420 2742 487 2806 Quis
504 2742 577 2796 enim
593 2759 648 2796 non
665 2743 741 2798 vicus
759 2742 883 2799 abundat

84 2814 220 2872 Tristibus
236 2815 395 2872 obscoenisi
431 2817 556 2887 (lastigas
573 2819 666 2888 turpia
684 2835 769 2889 quum
788 2820 826 2875 sis

84 2892 163 2948 Inter
182 2892 332 2948 Socraticos
352 2893 495 2949 notissima
511 2895 584 2949 fossa
602 2896 743 2952 cinaedos!
787 2918 799 2960 a
830 2929 832 2934 ·
913 2911 937 2951 ro

84 2967 204 3039 Hispida
223 2968 348 3023 membra
365 2970 477 3040 quidem
498 2975 528 3027 et
548 2971 634 3026 durae
653 2989 706 3042 per
722 2973 834 3031 brachia
852 2980 930 3031 setae

84 3045 254 3101 Promittant
274 3049 395 3100 atrocem
414 3048 549 3104 animum:
567 3047 618 3103 sed
635 3049 735 3119 podice
754 3051 809 3106 leri

84 3121 245 3177 (laeduntur
262 3122 386 3178 tumidae
404 3125 511 3179 medico
531 3124 641 3180 ridente
658 3127 799 3182 mariscae.

85 3196 174 3253 Rarus
194 3215 284 3254 sermo
301 3199 355 3254 illis
374 3203 404 3256 et
424 3217 525 3270 magna
543 3200 628 3256 libido
648 3202 760 3258 tacendi
862 3227 864 3232 ¹
