<?xml version="1.0" encoding="UTF-8"?>
<!DOCTYPE html PUBLIC "-//W3C//DTD XHTML 1.0 Transitional//EN"
    "http://www.w3.org/TR/xhtml1/DTD/xhtml1-transitional.dtd">
<html xmlns="http://www.w3.org/1999/xhtml" xml:lang="en" lang="en">
 <head>
  <title>
</title>
<meta http-equiv="Content-Type" content="text/html;charset=utf-8" />
  <meta name='ocr-system' content='tesseract 3.04.00' />
  <meta name='ocr-capabilities' content='ocr_page ocr_carea ocr_par ocr_line ocrx_word'/>
</head>
<body>
  <div class='ocr_page' id='page_1' title='image "./deciijuniijuven01persgoog_0097.png"; bbox 0 0 2164 3536; ppageno 0'>
   <div class='ocr_carea' id='block_1_1' title="bbox 140 113 759 167">
    <p class='ocr_par' dir='ltr' id='par_1_1' title="bbox 140 113 759 167">
     <span class='ocr_line' id='line_1_1' title="bbox 140 113 759 167; baseline -0.005 0"><span class='ocrx_word' id='word_1_1' title='bbox 140 115 173 167; x_wconf 71' lang='lat' dir='ltr'>ii</span> <span class='ocrx_word' id='word_1_2' title='bbox 377 113 410 166; x_wconf 90' lang='lat' dir='ltr'>D.</span> <span class='ocrx_word' id='word_1_3' title='bbox 426 115 533 166; x_wconf 87' lang='lat' dir='ltr'><strong>JUNII</strong></span> <span class='ocrx_word' id='word_1_4' title='bbox 549 115 568 165; x_wconf 90' lang='lat' dir='ltr'><strong>J</strong></span> <span class='ocrx_word' id='word_1_5' title='bbox 570 115 759 165; x_wconf 85' lang='lat' dir='ltr'>UVENALIS</span> 
     </span>
    </p>
   </div>
   <div class='ocr_carea' id='block_1_2' title="bbox 37 203 1057 3266">
    <p class='ocr_par' dir='ltr' id='par_1_2' title="bbox 73 203 1004 432">
     <span class='ocr_line' id='line_1_2' title="bbox 119 203 914 275; baseline 0.001 -13"><span class='ocrx_word' id='word_1_6' title='bbox 119 263 123 270; x_wconf 79' lang='grc'><strong>,</strong></span> <span class='ocrx_word' id='word_1_7' title='bbox 140 203 290 275; x_wconf 77' lang='lat' dir='ltr'>Praesidio,</span> <span class='ocrx_word' id='word_1_8' title='bbox 308 207 393 274; x_wconf 87' lang='lat' dir='ltr'>atque</span> <span class='ocrx_word' id='word_1_9' title='bbox 409 205 473 261; x_wconf 91' lang='lat' dir='ltr'>ideo</span> <span class='ocrx_word' id='word_1_10' title='bbox 490 222 601 260; x_wconf 87' lang='lat' dir='ltr'>oroooae</span> <span class='ocrx_word' id='word_1_11' title='bbox 619 205 777 262; x_wconf 76' lang='lat' dir='ltr'>membrana</span> <span class='ocrx_word' id='word_1_12' title='bbox 792 206 914 263; x_wconf 85' lang='lat' dir='ltr'>tabelias</span> 
     </span>
     <span class='ocr_line' id='line_1_3' title="bbox 140 282 893 354; baseline -0.001 -14"><span class='ocrx_word' id='word_1_13' title='bbox 140 284 284 354; x_wconf 85' lang='lat' dir='ltr'>Impletur‚</span> <span class='ocrx_word' id='word_1_14' title='bbox 302 282 436 350; x_wconf 77' lang='lat' dir='ltr'>lignorum</span> <span class='ocrx_word' id='word_1_15' title='bbox 454 282 559 352; x_wconf 86' lang='lat' dir='ltr'>aliquid</span> <span class='ocrx_word' id='word_1_16' title='bbox 575 299 657 354; x_wconf 87' lang='lat' dir='ltr'>posce</span> <span class='ocrx_word' id='word_1_17' title='bbox 674 283 755 350; x_wconf 87' lang='lat' dir='ltr'>ooius,</span> <span class='ocrx_word' id='word_1_18' title='bbox 773 286 803 338; x_wconf 89' lang='lat' dir='ltr'>et</span> <span class='ocrx_word' id='word_1_19' title='bbox 820 300 893 354; x_wconf 87' lang='lat' dir='ltr'>quae</span> 
     </span>
     <span class='ocr_line' id='line_1_4' title="bbox 73 355 1004 432; baseline 0 -14"><span class='ocrx_word' id='word_1_20' title='bbox 73 355 77 366; x_wconf 60' lang='lat'>⁸</span> <span class='ocrx_word' id='word_1_21' title='bbox 139 360 286 432; x_wconf 78' lang='lat' dir='ltr'>Componis</span> <span class='ocrx_word' id='word_1_22' title='bbox 304 358 377 413; x_wconf 90' lang='lat' dir='ltr'>dona</span> <span class='ocrx_word' id='word_1_23' title='bbox 395 359 520 426; x_wconf 87' lang='lat' dir='ltr'>Veneris,</span> <span class='ocrx_word' id='word_1_24' title='bbox 537 360 671 429; x_wconf 85' lang='lat' dir='ltr'>Telesino,</span> <span class='ocrx_word' id='word_1_25' title='bbox 688 361 796 430; x_wconf 86' lang='lat' dir='ltr'>marito,</span> <span class='ocrx_word' id='word_1_26' title='bbox 978 377 1004 418; x_wconf 75' lang='lat' dir='ltr'>ae</span> 
     </span>
    </p>

    <p class='ocr_par' dir='ltr' id='par_1_3' title="bbox 139 437 846 509">
     <span class='ocr_line' id='line_1_5' title="bbox 139 437 846 509; baseline -0.001 -16"><span class='ocrx_word' id='word_1_27' title='bbox 139 439 201 493; x_wconf 78' lang='lat' dir='ltr'>Aut</span> <span class='ocrx_word' id='word_1_28' title='bbox 218 437 304 494; x_wconf 83' lang='lat' dir='ltr'>elude.</span> <span class='ocrx_word' id='word_1_29' title='bbox 317 441 347 492; x_wconf 86' lang='lat' dir='ltr'>et</span> <span class='ocrx_word' id='word_1_30' title='bbox 364 438 469 508; x_wconf 86' lang='lat' dir='ltr'>positos</span> <span class='ocrx_word' id='word_1_31' title='bbox 486 439 562 494; x_wconf 89' lang='lat' dir='ltr'>tinea</span> <span class='ocrx_word' id='word_1_32' title='bbox 578 437 715 509; x_wconf 84' lang='lat' dir='ltr'>pertundo</span> <span class='ocrx_word' id='word_1_33' title='bbox 732 437 846 493; x_wconf 85' lang='lat' dir='ltr'>libellos.</span> 
     </span>
    </p>

    <p class='ocr_par' dir='ltr' id='par_1_4' title="bbox 138 513 880 586">
     <span class='ocr_line' id='line_1_6' title="bbox 138 513 880 586; baseline 0.003 -17"><span class='ocrx_word' id='word_1_34' title='bbox 138 513 249 584; x_wconf 72' lang='lat' dir='ltr'>Frange</span> <span class='ocrx_word' id='word_1_35' title='bbox 267 515 351 570; x_wconf 89' lang='lat' dir='ltr'>miser</span> <span class='ocrx_word' id='word_1_36' title='bbox 368 515 488 570; x_wconf 76' lang='lat' dir='ltr'>oalarms</span> <span class='ocrx_word' id='word_1_37' title='bbox 504 517 672 586; x_wconf 70' lang='lat' dir='ltr'>vigilataque</span> <span class='ocrx_word' id='word_1_38' title='bbox 687 516 791 586; x_wconf 85' lang='lat' dir='ltr'>proelia</span> <span class='ocrx_word' id='word_1_39' title='bbox 807 515 880 586; x_wconf 84' lang='lat' dir='ltr'>dele,</span> 
     </span>
    </p>

    <p class='ocr_par' dir='ltr' id='par_1_5' title="bbox 139 591 795 664">
     <span class='ocr_line' id='line_1_7' title="bbox 139 591 795 664; baseline 0.005 -19"><span class='ocrx_word' id='word_1_40' title='bbox 139 591 194 656; x_wconf 82' lang='lat' dir='ltr'>Qui</span> <span class='ocrx_word' id='word_1_41' title='bbox 210 592 279 648; x_wconf 85' lang='lat' dir='ltr'>iaois</span> <span class='ocrx_word' id='word_1_42' title='bbox 295 593 324 648; x_wconf 91' lang='lat' dir='ltr'>in</span> <span class='ocrx_word' id='word_1_43' title='bbox 341 609 427 664; x_wconf 83' lang='lat' dir='ltr'>parva</span> <span class='ocrx_word' id='word_1_44' title='bbox 444 593 572 648; x_wconf 86' lang='lat' dir='ltr'>sublimia</span> <span class='ocrx_word' id='word_1_45' title='bbox 589 594 711 648; x_wconf 78' lang='lat' dir='ltr'>earmina</span> <span class='ocrx_word' id='word_1_46' title='bbox 725 593 795 648; x_wconf 89' lang='lat' dir='ltr'>oella</span> 
     </span>
    </p>

    <p class='ocr_par' dir='ltr' id='par_1_6' title="bbox 137 665 832 744">
     <span class='ocr_line' id='line_1_8' title="bbox 137 665 832 744; baseline 0 -20"><span class='ocrx_word' id='word_1_47' title='bbox 137 665 180 725; x_wconf 76' lang='lat' dir='ltr'>ot</span> <span class='ocrx_word' id='word_1_48' title='bbox 197 668 298 738; x_wconf 81' lang='lat' dir='ltr'>dignus</span> <span class='ocrx_word' id='word_1_49' title='bbox 315 671 407 744; x_wconf 77' lang='lat' dir='ltr'>ronias</span> <span class='ocrx_word' id='word_1_50' title='bbox 424 669 534 724; x_wconf 86' lang='lat' dir='ltr'>hederis</span> <span class='ocrx_word' id='word_1_51' title='bbox 551 674 581 725; x_wconf 90' lang='lat' dir='ltr'>et</span> <span class='ocrx_word' id='word_1_52' title='bbox 597 670 716 739; x_wconf 76' lang='lat' dir='ltr'>imagine</span> <span class='ocrx_word' id='word_1_53' title='bbox 733 685 832 724; x_wconf 87' lang='lat' dir='ltr'>maora.</span> 
     </span>
    </p>

    <p class='ocr_par' dir='ltr' id='par_1_7' title="bbox 136 744 1001 898">
     <span class='ocr_line' id='line_1_9' title="bbox 138 744 1001 816; baseline 0.002 -16"><span class='ocrx_word' id='word_1_54' title='bbox 138 744 209 816; x_wconf 78' lang='lat' dir='ltr'>Spes</span> <span class='ocrx_word' id='word_1_55' title='bbox 224 746 301 800; x_wconf 91' lang='lat' dir='ltr'>nulla</span> <span class='ocrx_word' id='word_1_56' title='bbox 317 747 447 804; x_wconf 80' lang='lat' dir='ltr'><strong>ulterior:</strong></span> <span class='ocrx_word' id='word_1_57' title='bbox 461 746 568 815; x_wconf 86' lang='lat' dir='ltr'>¹didioit</span> <span class='ocrx_word' id='word_1_58' title='bbox 579 745 640 816; x_wconf 86' lang='lat' dir='ltr'>jam</span> <span class='ocrx_word' id='word_1_59' title='bbox 658 746 734 801; x_wconf 83' lang='lat' dir='ltr'>dives</span> <span class='ocrx_word' id='word_1_60' title='bbox 751 759 850 800; x_wconf 74' lang='lat' dir='ltr'>avam</span> <span class='ocrx_word' id='word_1_61' title='bbox 974 761 1001 802; x_wconf 82' lang='lat' dir='ltr'>oo</span> 
     </span>
     <span class='ocr_line' id='line_1_10' title="bbox 136 822 814 898; baseline 0.001 -22"><span class='ocrx_word' id='word_1_62' title='bbox 136 822 257 879; x_wconf 83' lang='lat' dir='ltr'>Tantum</span> <span class='ocrx_word' id='word_1_63' title='bbox 274 823 412 893; x_wconf 83' lang='lat' dir='ltr'>admirari,</span> <span class='ocrx_word' id='word_1_64' title='bbox 430 826 539 878; x_wconf 80' lang='lat' dir='ltr'>tautum</span> <span class='ocrx_word' id='word_1_65' title='bbox 557 823 671 898; x_wconf 79' lang='lat' dir='ltr'>laudare</span> <span class='ocrx_word' id='word_1_66' title='bbox 688 822 814 888; x_wconf 87' lang='lat' dir='ltr'>disertos,</span> 
     </span>
    </p>

    <p class='ocr_par' dir='ltr' id='par_1_8' title="bbox 137 898 816 970">
     <span class='ocr_line' id='line_1_11' title="bbox 137 898 816 970; baseline -0.003 -16"><span class='ocrx_word' id='word_1_67' title='bbox 137 898 180 954; x_wconf 90' lang='lat' dir='ltr'>Ut</span> <span class='ocrx_word' id='word_1_68' title='bbox 196 900 282 970; x_wconf 81' lang='lat' dir='ltr'>pueri.</span> <span class='ocrx_word' id='word_1_69' title='bbox 292 900 410 954; x_wconf 63' lang='lat' dir='ltr'>«Iunonis</span> <span class='ocrx_word' id='word_1_70' title='bbox 427 916 515 954; x_wconf 84' lang='lat' dir='ltr'>avem.</span> <span class='ocrx_word' id='word_1_71' title='bbox 551 899 607 954; x_wconf 82' lang='lat' dir='ltr'>Sed</span> <span class='ocrx_word' id='word_1_72' title='bbox 624 899 722 954; x_wconf 89' lang='lat' dir='ltr'>defluit</span> <span class='ocrx_word' id='word_1_73' title='bbox 739 901 816 953; x_wconf 72' lang='lat' dir='ltr'>aetas</span> 
     </span>
    </p>

    <p class='ocr_par' dir='ltr' id='par_1_9' title="bbox 137 973 812 1046">
     <span class='ocr_line' id='line_1_12' title="bbox 137 973 812 1046; baseline 0.001 -17"><span class='ocrx_word' id='word_1_74' title='bbox 137 974 176 1032; x_wconf 79' lang='lat' dir='ltr'>nt</span> <span class='ocrx_word' id='word_1_75' title='bbox 193 975 283 1046; x_wconf 77' lang='lat' dir='ltr'>pelagi</span> <span class='ocrx_word' id='word_1_76' title='bbox 299 977 407 1045; x_wconf 89' lang='lat' dir='ltr'>patiens</span> <span class='ocrx_word' id='word_1_77' title='bbox 424 980 454 1032; x_wconf 90' lang='lat' dir='ltr'>et</span> <span class='ocrx_word' id='word_1_78' title='bbox 471 976 584 1031; x_wconf 89' lang='lat' dir='ltr'>eassidis</span> <span class='ocrx_word' id='word_1_79' title='bbox 601 979 685 1046; x_wconf 88' lang='lat' dir='ltr'>atque</span> <span class='ocrx_word' id='word_1_80' title='bbox 702 973 812 1044; x_wconf 78' lang='lat' dir='ltr'>ligonis.</span> 
     </span>
    </p>

    <p class='ocr_par' dir='ltr' id='par_1_10' title="bbox 136 1051 996 1199">
     <span class='ocr_line' id='line_1_13' title="bbox 136 1051 926 1121; baseline 0 -14"><span class='ocrx_word' id='word_1_81' title='bbox 136 1051 241 1107; x_wconf 81' lang='lat' dir='ltr'>&#39;l&#39;aedia</span> <span class='ocrx_word' id='word_1_82' title='bbox 257 1058 323 1107; x_wconf 81' lang='lat' dir='ltr'>tuno</span> <span class='ocrx_word' id='word_1_83' title='bbox 341 1052 461 1108; x_wconf 84' lang='lat' dir='ltr'>subsunt</span> <span class='ocrx_word' id='word_1_84' title='bbox 476 1054 587 1121; x_wconf 86' lang='lat' dir='ltr'>animos,</span> <span class='ocrx_word' id='word_1_85' title='bbox 604 1056 671 1108; x_wconf 87' lang='lat' dir='ltr'>tuno</span> <span class='ocrx_word' id='word_1_86' title='bbox 688 1068 773 1121; x_wconf 88' lang='lat' dir='ltr'>seque</span> <span class='ocrx_word' id='word_1_87' title='bbox 790 1066 926 1120; x_wconf 79' lang='lat' dir='ltr'>suamque</span> 
     </span>
     <span class='ocr_line' id='line_1_14' title="bbox 137 1125 996 1199; baseline 0.006 -15"><span class='ocrx_word' id='word_1_88' title='bbox 137 1125 333 1199; x_wconf 71' lang='lat' dir='ltr'><strong>Terpsichoren</strong></span> <span class='ocrx_word' id='word_1_89' title='bbox 351 1128 411 1184; x_wconf 89' lang='lat' dir='ltr'>odit</span> <span class='ocrx_word' id='word_1_90' title='bbox 427 1128 546 1184; x_wconf 81' lang='lat' dir='ltr'>ineunda</span> <span class='ocrx_word' id='word_1_91' title='bbox 562 1133 592 1184; x_wconf 92' lang='lat' dir='ltr'>et</span> <span class='ocrx_word' id='word_1_92' title='bbox 609 1127 685 1184; x_wconf 90' lang='lat' dir='ltr'>nuda</span> <span class='ocrx_word' id='word_1_93' title='bbox 701 1130 836 1184; x_wconf 73' lang='lat' dir='ltr'>senectus.</span> <span class='ocrx_word' id='word_1_94' title='bbox 971 1141 996 1189; x_wconf 72' lang='lat'>³5.</span> 
     </span>
    </p>

    <p class='ocr_par' dir='ltr' id='par_1_11' title="bbox 172 1203 872 1276">
     <span class='ocr_line' id='line_1_15' title="bbox 172 1203 872 1276; baseline -0.004 -16"><span class='ocrx_word' id='word_1_95' title='bbox 172 1206 278 1276; x_wconf 84' lang='lat' dir='ltr'>Aooipe</span> <span class='ocrx_word' id='word_1_96' title='bbox 294 1221 365 1260; x_wconf 91' lang='lat' dir='ltr'>nuno</span> <span class='ocrx_word' id='word_1_97' title='bbox 382 1209 457 1260; x_wconf 83' lang='lat' dir='ltr'>ortes</span> <span class='ocrx_word' id='word_1_98' title='bbox 474 1222 509 1260; x_wconf 90' lang='lat' dir='ltr'>ne</span> <span class='ocrx_word' id='word_1_99' title='bbox 527 1204 594 1276; x_wconf 88' lang='lat' dir='ltr'>qnid</span> <span class='ocrx_word' id='word_1_100' title='bbox 611 1205 663 1260; x_wconf 86' lang='lat' dir='ltr'>tibi</span> <span class='ocrx_word' id='word_1_101' title='bbox 679 1205 802 1260; x_wconf 80' lang='lat' dir='ltr'>conferat</span> <span class='ocrx_word' id='word_1_102' title='bbox 818 1203 872 1257; x_wconf 87' lang='lat' dir='ltr'>iste</span> 
     </span>
    </p>

    <p class='ocr_par' dir='ltr' id='par_1_12' title="bbox 136 1279 926 1428">
     <span class='ocr_line' id='line_1_16' title="bbox 136 1279 926 1351; baseline -0.003 -15"><span class='ocrx_word' id='word_1_103' title='bbox 136 1283 225 1349; x_wconf 82' lang='lat' dir='ltr'>Quem</span> <span class='ocrx_word' id='word_1_104' title='bbox 242 1281 316 1348; x_wconf 86' lang='lat' dir='ltr'>eolis,</span> <span class='ocrx_word' id='word_1_105' title='bbox 329 1286 359 1337; x_wconf 89' lang='lat' dir='ltr'>et</span> <span class='ocrx_word' id='word_1_106' title='bbox 376 1282 516 1337; x_wconf 89' lang='lat' dir='ltr'>Musarum</span> <span class='ocrx_word' id='word_1_107' title='bbox 534 1285 564 1337; x_wconf 86' lang='lat' dir='ltr'>et</span> <span class='ocrx_word' id='word_1_108' title='bbox 583 1281 718 1351; x_wconf 83' lang='lat' dir='ltr'>Apollinis</span> <span class='ocrx_word' id='word_1_109' title='bbox 735 1281 805 1335; x_wconf 83' lang='lat' dir='ltr'>uode</span> <span class='ocrx_word' id='word_1_110' title='bbox 821 1279 926 1335; x_wconf 83' lang='lat' dir='ltr'>relicta</span> 
     </span>
     <span class='ocr_line' id='line_1_17' title="bbox 136 1357 794 1428; baseline -0.002 -15"><span class='ocrx_word' id='word_1_111' title='bbox 136 1357 202 1428; x_wconf 88' lang='lat' dir='ltr'>Ipse</span> <span class='ocrx_word' id='word_1_112' title='bbox 218 1359 285 1414; x_wconf 81' lang='lat' dir='ltr'>feeit</span> <span class='ocrx_word' id='word_1_113' title='bbox 301 1375 397 1414; x_wconf 87' lang='lat' dir='ltr'>versus</span> <span class='ocrx_word' id='word_1_114' title='bbox 414 1363 498 1428; x_wconf 82' lang='lat' dir='ltr'>atque</span> <span class='ocrx_word' id='word_1_115' title='bbox 514 1359 562 1413; x_wconf 90' lang='lat' dir='ltr'>uni</span> <span class='ocrx_word' id='word_1_116' title='bbox 579 1358 654 1413; x_wconf 82' lang='lat' dir='ltr'>sedit</span> <span class='ocrx_word' id='word_1_117' title='bbox 672 1357 794 1412; x_wconf 85' lang='lat' dir='ltr'><strong>Homero</strong></span> 
     </span>
    </p>

    <p class='ocr_par' dir='ltr' id='par_1_13' title="bbox 136 1433 807 1510">
     <span class='ocr_line' id='line_1_18' title="bbox 136 1433 807 1510; baseline 0.001 -22"><span class='ocrx_word' id='word_1_118' title='bbox 136 1433 254 1505; x_wconf 83' lang='lat' dir='ltr'>Propter</span> <span class='ocrx_word' id='word_1_119' title='bbox 270 1436 345 1490; x_wconf 89' lang='lat' dir='ltr'>mille</span> <span class='ocrx_word' id='word_1_120' title='bbox 363 1453 455 1510; x_wconf 81' lang='lat' dir='ltr'>annos,</span> <span class='ocrx_word' id='word_1_121' title='bbox 469 1441 499 1491; x_wconf 89' lang='lat' dir='ltr'>et</span> <span class='ocrx_word' id='word_1_122' title='bbox 513 1437 537 1492; x_wconf 93' lang='lat' dir='ltr'>si</span> <span class='ocrx_word' id='word_1_123' title='bbox 555 1435 700 1490; x_wconf 77' lang='lat' dir='ltr'>dulcedine</span> <span class='ocrx_word' id='word_1_124' title='bbox 717 1434 807 1489; x_wconf 79' lang='lat' dir='ltr'>famae</span> 
     </span>
    </p>

    <p class='ocr_par' dir='ltr' id='par_1_14' title="bbox 135 1509 993 1657">
     <span class='ocr_line' id='line_1_19' title="bbox 135 1509 993 1570; baseline -0.002 -5"><span class='ocrx_word' id='word_1_125' title='bbox 135 1509 287 1566; x_wconf 76' lang='lat' dir='ltr'>Snooensru</span> <span class='ocrx_word' id='word_1_126' title='bbox 303 1513 403 1567; x_wconf 84' lang='lat' dir='ltr'>recites</span> <span class='ocrx_word' id='word_1_127' title='bbox 420 1511 572 1568; x_wconf 78' lang='lat' dir='ltr'>maculosas</span> <span class='ocrx_word' id='word_1_128' title='bbox 590 1511 746 1568; x_wconf 83' lang='lat' dir='ltr'>commodat</span> <span class='ocrx_word' id='word_1_129' title='bbox 763 1509 855 1570; x_wconf 74' lang='lat' dir='ltr'>aedes.</span> <span class='ocrx_word' id='word_1_130' title='bbox 969 1523 993 1563; x_wconf 80' lang='lat' dir='ltr'>so</span> 
     </span>
     <span class='ocr_line' id='line_1_20' title="bbox 135 1585 807 1657; baseline 0 -16"><span class='ocrx_word' id='word_1_131' title='bbox 135 1585 215 1642; x_wconf 86' lang='lat' dir='ltr'>Haeo</span> <span class='ocrx_word' id='word_1_132' title='bbox 232 1587 313 1656; x_wconf 82' lang='lat' dir='ltr'>ionga</span> <span class='ocrx_word' id='word_1_133' title='bbox 330 1589 434 1644; x_wconf 82' lang='lat' dir='ltr'>ferrata</span> <span class='ocrx_word' id='word_1_134' title='bbox 451 1589 549 1642; x_wconf 90' lang='lat' dir='ltr'>domus</span> <span class='ocrx_word' id='word_1_135' title='bbox 566 1589 670 1644; x_wconf 83' lang='lat' dir='ltr'>serviro</span> <span class='ocrx_word' id='word_1_136' title='bbox 683 1587 807 1657; x_wconf 86' lang='lat' dir='ltr'>jubetur,</span> 
     </span>
    </p>

    <p class='ocr_par' dir='ltr' id='par_1_15' title="bbox 135 1661 747 1734">
     <span class='ocr_line' id='line_1_21' title="bbox 135 1661 747 1734; baseline 0.003 -18"><span class='ocrx_word' id='word_1_137' title='bbox 135 1661 170 1716; x_wconf 93' lang='lat' dir='ltr'>In</span> <span class='ocrx_word' id='word_1_138' title='bbox 188 1679 243 1733; x_wconf 89' lang='lat' dir='ltr'>qna</span> <span class='ocrx_word' id='word_1_139' title='bbox 259 1663 387 1719; x_wconf 84' lang='lat' dir='ltr'>sollicitas</span> <span class='ocrx_word' id='word_1_140' title='bbox 405 1665 530 1720; x_wconf 87' lang='lat' dir='ltr'>imitatur</span> <span class='ocrx_word' id='word_1_141' title='bbox 543 1664 630 1734; x_wconf 87' lang='lat' dir='ltr'>janua</span> <span class='ocrx_word' id='word_1_142' title='bbox 646 1668 747 1734; x_wconf 87' lang='lat' dir='ltr'>portas.</span> 
     </span>
    </p>

    <p class='ocr_par' dir='ltr' id='par_1_16' title="bbox 133 1737 839 1812">
     <span class='ocr_line' id='line_1_22' title="bbox 133 1737 839 1812; baseline 0.003 -18"><span class='ocrx_word' id='word_1_143' title='bbox 133 1737 194 1794; x_wconf 75' lang='lat' dir='ltr'>flcio</span> <span class='ocrx_word' id='word_1_144' title='bbox 211 1738 278 1794; x_wconf 85' lang='lat' dir='ltr'>dare</span> <span class='ocrx_word' id='word_1_145' title='bbox 295 1739 407 1796; x_wconf 87' lang='lat' dir='ltr'>libertos</span> <span class='ocrx_word' id='word_1_146' title='bbox 425 1745 551 1796; x_wconf 87' lang='lat' dir='ltr'>extrema</span> <span class='ocrx_word' id='word_1_147' title='bbox 567 1743 596 1796; x_wconf 93' lang='lat' dir='ltr'>in</span> <span class='ocrx_word' id='word_1_148' title='bbox 613 1745 693 1812; x_wconf 83' lang='lat' dir='ltr'>parte</span> <span class='ocrx_word' id='word_1_149' title='bbox 711 1740 839 1796; x_wconf 73' lang='lat' dir='ltr'>sedentes</span> 
     </span>
    </p>

    <p class='ocr_par' dir='ltr' id='par_1_17' title="bbox 133 1813 834 1889">
     <span class='ocr_line' id='line_1_23' title="bbox 133 1813 834 1889; baseline 0.003 -19"><span class='ocrx_word' id='word_1_150' title='bbox 133 1813 246 1870; x_wconf 82' lang='lat' dir='ltr'>Ordinis</span> <span class='ocrx_word' id='word_1_151' title='bbox 264 1819 293 1872; x_wconf 89' lang='lat' dir='ltr'>et</span> <span class='ocrx_word' id='word_1_152' title='bbox 309 1831 423 1886; x_wconf 78' lang='lat' dir='ltr'>magnas</span> <span class='ocrx_word' id='word_1_153' title='bbox 440 1819 570 1874; x_wconf 88' lang='lat' dir='ltr'>oomitum</span> <span class='ocrx_word' id='word_1_154' title='bbox 588 1819 732 1889; x_wconf 84' lang='lat' dir='ltr'>disponere</span> <span class='ocrx_word' id='word_1_155' title='bbox 749 1833 834 1872; x_wconf 84' lang='lat' dir='ltr'>voees</span> 
     </span>
    </p>

    <p class='ocr_par' dir='ltr' id='par_1_18' title="bbox 126 1891 1057 2256">
     <span class='ocr_line' id='line_1_24' title="bbox 133 1891 987 1964; baseline 0.001 -17"><span class='ocrx_word' id='word_1_156' title='bbox 133 1891 224 1948; x_wconf 79' lang='lat' dir='ltr'>Nemo</span> <span class='ocrx_word' id='word_1_157' title='bbox 241 1892 321 1949; x_wconf 86' lang='lat' dir='ltr'>dabit</span> <span class='ocrx_word' id='word_1_158' title='bbox 337 1911 434 1963; x_wconf 67' lang='lat' dir='ltr'>regum</span> <span class='ocrx_word' id='word_1_159' title='bbox 452 1895 549 1964; x_wconf 87' lang='lat' dir='ltr'>quanti</span> <span class='ocrx_word' id='word_1_160' title='bbox 565 1894 693 1950; x_wconf 88' lang='lat' dir='ltr'>subsellia</span> <span class='ocrx_word' id='word_1_161' title='bbox 709 1898 844 1960; x_wconf 78' lang='lat' dir='ltr'>constent,</span> <span class='ocrx_word' id='word_1_162' title='bbox 965 1905 987 1948; x_wconf 77' lang='lat' dir='ltr'>ss</span> 
     </span>
     <span class='ocr_line' id='line_1_25' title="bbox 132 1968 835 2040; baseline -0.001 -16"><span class='ocrx_word' id='word_1_163' title='bbox 132 1968 172 2024; x_wconf 84' lang='lat' dir='ltr'>Et</span> <span class='ocrx_word' id='word_1_164' title='bbox 189 1987 260 2040; x_wconf 84' lang='lat' dir='ltr'>quae</span> <span class='ocrx_word' id='word_1_165' title='bbox 277 1972 413 2026; x_wconf 79' lang='lat' dir='ltr'>conducto</span> <span class='ocrx_word' id='word_1_166' title='bbox 430 1971 554 2040; x_wconf 87' lang='lat' dir='ltr'>pendent</span> <span class='ocrx_word' id='word_1_167' title='bbox 570 1970 724 2026; x_wconf 73' lang='lat' dir='ltr'><strong>anabathra</strong></span> <span class='ocrx_word' id='word_1_168' title='bbox 740 1970 835 2038; x_wconf 79' lang='lat' dir='ltr'>tigillo,</span> 
     </span>
     <span class='ocr_line' id='line_1_26' title="bbox 126 2044 947 2118; baseline 0.007 -22"><span class='ocrx_word' id='word_1_169' title='bbox 126 2044 267 2116; x_wconf 78' lang='lat' dir='ltr'>Quasque</span> <span class='ocrx_word' id='word_1_170' title='bbox 283 2047 457 2118; x_wconf 71' lang='lat' dir='ltr'>reportandis</span> <span class='ocrx_word' id='word_1_171' title='bbox 474 2048 565 2118; x_wconf 87' lang='lat' dir='ltr'>posita</span> <span class='ocrx_word' id='word_1_172' title='bbox 582 2051 626 2103; x_wconf 85' lang='lat' dir='ltr'>est</span> <span class='ocrx_word' id='word_1_173' title='bbox 643 2047 782 2102; x_wconf 78' lang='lat' dir='ltr'>orchestra</span> <span class='ocrx_word' id='word_1_174' title='bbox 798 2045 947 2102; x_wconf 77' lang='lat' dir='ltr'>cathedris</span> 
     </span>
     <span class='ocr_line' id='line_1_27' title="bbox 132 2113 1057 2194; baseline 0.003 -17"><span class='ocrx_word' id='word_1_175' title='bbox 132 2122 160 2177; x_wconf 84' lang='lat' dir='ltr'>N</span> <span class='ocrx_word' id='word_1_176' title='bbox 161 2139 192 2178; x_wconf 90' lang='lat' dir='ltr'>os</span> <span class='ocrx_word' id='word_1_177' title='bbox 209 2126 303 2178; x_wconf 58' lang='lat' dir='ltr'>umen</span> <span class='ocrx_word' id='word_1_178' title='bbox 320 2123 372 2178; x_wconf 92' lang='lat' dir='ltr'>hoo</span> <span class='ocrx_word' id='word_1_179' title='bbox 388 2124 503 2194; x_wconf 84' lang='lat' dir='ltr'>agimus,</span> <span class='ocrx_word' id='word_1_180' title='bbox 520 2123 652 2194; x_wconf 87' lang='lat' dir='ltr'>tenuique</span> <span class='ocrx_word' id='word_1_181' title='bbox 668 2123 698 2177; x_wconf 92' lang='lat' dir='ltr'>in</span> <span class='ocrx_word' id='word_1_182' title='bbox 715 2122 827 2193; x_wconf 85' lang='lat' dir='ltr'>pulvere</span> <span class='ocrx_word' id='word_1_183' title='bbox 844 2123 935 2180; x_wconf 79' lang='lat' dir='ltr'>sulcos</span> <span class='ocrx_word' id='word_1_184' title='bbox 1056 2113 1057 2136; x_wconf 61' lang='lat'>¹</span> 
     </span>
     <span class='ocr_line' id='line_1_28' title="bbox 131 2197 773 2256; baseline 0.005 -3"><span class='ocrx_word' id='word_1_185' title='bbox 131 2197 265 2254; x_wconf 82' lang='lat' dir='ltr'>Ducimns</span> <span class='ocrx_word' id='word_1_186' title='bbox 282 2204 313 2254; x_wconf 86' lang='lat' dir='ltr'>et</span> <span class='ocrx_word' id='word_1_187' title='bbox 329 2200 395 2255; x_wconf 75' lang='lat' dir='ltr'>litias</span> <span class='ocrx_word' id='word_1_188' title='bbox 412 2201 499 2256; x_wconf 85' lang='lat' dir='ltr'>sterili</span> <span class='ocrx_word' id='word_1_189' title='bbox 516 2217 656 2256; x_wconf 84' lang='lat' dir='ltr'>versamus</span> <span class='ocrx_word' id='word_1_190' title='bbox 672 2203 773 2256; x_wconf 87' lang='lat' dir='ltr'>aratro.</span> 
     </span>
    </p>

    <p class='ocr_par' dir='ltr' id='par_1_19' title="bbox 131 2275 984 2419">
     <span class='ocr_line' id='line_1_29' title="bbox 131 2275 984 2348; baseline 0 -18"><span class='ocrx_word' id='word_1_191' title='bbox 131 2275 159 2330; x_wconf 82' lang='grc' dir='ltr'><strong>Ν</strong></span> <span class='ocrx_word' id='word_1_192' title='bbox 161 2292 206 2330; x_wconf 90' lang='lat' dir='ltr'>am</span> <span class='ocrx_word' id='word_1_193' title='bbox 223 2277 247 2331; x_wconf 92' lang='lat' dir='ltr'>si</span> <span class='ocrx_word' id='word_1_194' title='bbox 264 2277 389 2331; x_wconf 86' lang='lat' dir='ltr'>dieoedas</span> <span class='ocrx_word' id='word_1_195' title='bbox 407 2277 507 2348; x_wconf 86' lang='lat' dir='ltr'>laqueo</span> <span class='ocrx_word' id='word_1_196' title='bbox 523 2281 602 2332; x_wconf 61' lang='lat' dir='ltr'>nnat</span> <span class='ocrx_word' id='word_1_197' title='bbox 618 2275 756 2331; x_wconf 86' lang='lat' dir='ltr'>ambitiosi</span> <span class='ocrx_word' id='word_1_198' title='bbox 961 2289 984 2330; x_wconf 83' lang='lat' dir='ltr'>so</span> 
     </span>
     <span class='ocr_line' id='line_1_30' title="bbox 132 2350 791 2419; baseline 0 -13"><span class='ocrx_word' id='word_1_199' title='bbox 132 2350 309 2408; x_wconf 79' lang='lat' dir='ltr'>Consuetudo</span> <span class='ocrx_word' id='word_1_200' title='bbox 327 2353 406 2419; x_wconf 85' lang='lat' dir='ltr'>mali;</span> <span class='ocrx_word' id='word_1_201' title='bbox 429 2358 508 2410; x_wconf 82' lang='lat' dir='ltr'>benet</span> <span class='ocrx_word' id='word_1_202' title='bbox 524 2352 674 2408; x_wconf 81' lang='lat' dir='ltr'>insanabile</span> <span class='ocrx_word' id='word_1_203' title='bbox 691 2351 791 2407; x_wconf 83' lang='lat' dir='ltr'>multos</span> 
     </span>
    </p>

    <p class='ocr_par' dir='ltr' id='par_1_20' title="bbox 131 2422 867 2500">
     <span class='ocr_line' id='line_1_31' title="bbox 131 2422 867 2500; baseline 0.005 -18"><span class='ocrx_word' id='word_1_204' title='bbox 131 2422 276 2484; x_wconf 78' lang='lat' dir='ltr'>Scribendi</span> <span class='ocrx_word' id='word_1_205' title='bbox 292 2430 434 2485; x_wconf 86' lang='lat' dir='ltr'>oaooetbes</span> <span class='ocrx_word' id='word_1_206' title='bbox 451 2434 481 2485; x_wconf 90' lang='lat' dir='ltr'>et</span> <span class='ocrx_word' id='word_1_207' title='bbox 498 2447 581 2500; x_wconf 75' lang='lat' dir='ltr'>aegro</span> <span class='ocrx_word' id='word_1_208' title='bbox 597 2430 627 2484; x_wconf 90' lang='lat' dir='ltr'>in</span> <span class='ocrx_word' id='word_1_209' title='bbox 643 2428 726 2484; x_wconf 84' lang='lat' dir='ltr'>eorde</span> <span class='ocrx_word' id='word_1_210' title='bbox 742 2427 867 2486; x_wconf 77' lang='lat' dir='ltr'>senesdt.</span> 
     </span>
    </p>

    <p class='ocr_par' dir='ltr' id='par_1_21' title="bbox 37 2503 861 2577">
     <span class='ocr_line' id='line_1_32' title="bbox 37 2503 861 2577; baseline 0 -17"><span class='ocrx_word' id='word_1_211' title='bbox 37 2533 39 2538; x_wconf 37' lang='lat' dir='ltr'>v</span> <span class='ocrx_word' id='word_1_212' title='bbox 131 2503 189 2560; x_wconf 73' lang='lat' dir='ltr'>Sed</span> <span class='ocrx_word' id='word_1_213' title='bbox 205 2503 297 2567; x_wconf 76' lang='lat' dir='ltr'>vatedr</span> <span class='ocrx_word' id='word_1_214' title='bbox 313 2507 454 2577; x_wconf 77' lang='lat' dir='ltr'>egregium</span> <span class='ocrx_word' id='word_1_215' title='bbox 471 2507 516 2562; x_wconf 89' lang='lat' dir='ltr'>oui</span> <span class='ocrx_word' id='word_1_216' title='bbox 532 2523 587 2562; x_wconf 90' lang='lat' dir='ltr'>non</span> <span class='ocrx_word' id='word_1_217' title='bbox 605 2507 641 2562; x_wconf 87' lang='lat' dir='ltr'>sit</span> <span class='ocrx_word' id='word_1_218' title='bbox 657 2505 767 2576; x_wconf 84' lang='lat' dir='ltr'>publiea</span> <span class='ocrx_word' id='word_1_219' title='bbox 783 2521 861 2574; x_wconf 78' lang='lat' dir='ltr'>vena,</span> 
     </span>
    </p>

    <p class='ocr_par' dir='ltr' id='par_1_22' title="bbox 129 2579 982 3266">
     <span class='ocr_line' id='line_1_33' title="bbox 130 2579 843 2653; baseline 0.003 -19"><span class='ocrx_word' id='word_1_220' title='bbox 130 2579 185 2646; x_wconf 85' lang='lat' dir='ltr'>Qui</span> <span class='ocrx_word' id='word_1_221' title='bbox 202 2581 270 2637; x_wconf 91' lang='lat' dir='ltr'>nibil</span> <span class='ocrx_word' id='word_1_222' title='bbox 288 2584 442 2653; x_wconf 85' lang='lat' dir='ltr'>expositum</span> <span class='ocrx_word' id='word_1_223' title='bbox 459 2583 547 2638; x_wconf 83' lang='lat' dir='ltr'>soleat</span> <span class='ocrx_word' id='word_1_224' title='bbox 564 2583 709 2650; x_wconf 87' lang='lat' dir='ltr'>deduoere,</span> <span class='ocrx_word' id='word_1_225' title='bbox 725 2597 777 2636; x_wconf 90' lang='lat' dir='ltr'>neo</span> <span class='ocrx_word' id='word_1_226' title='bbox 794 2582 843 2652; x_wconf 90' lang='lat' dir='ltr'>qui</span> 
     </span>
     <span class='ocr_line' id='line_1_34' title="bbox 131 2656 982 2727; baseline 0 -17"><span class='ocrx_word' id='word_1_227' title='bbox 131 2656 276 2712; x_wconf 74' lang='lat' dir='ltr'>Communi</span> <span class='ocrx_word' id='word_1_228' title='bbox 292 2661 374 2715; x_wconf 81' lang='lat' dir='ltr'>feriat</span> <span class='ocrx_word' id='word_1_229' title='bbox 391 2676 502 2716; x_wconf 80' lang='lat' dir='ltr'>sannen</span> <span class='ocrx_word' id='word_1_230' title='bbox 519 2660 627 2715; x_wconf 82' lang='lat' dir='ltr'>triviale</span> <span class='ocrx_word' id='word_1_231' title='bbox 643 2663 761 2727; x_wconf 87' lang='lat' dir='ltr'>moneta,</span> <span class='ocrx_word' id='word_1_232' title='bbox 959 2669 982 2710; x_wconf 80' lang='lat' dir='ltr'>ao</span> 
     </span>
     <span class='ocr_line' id='line_1_35' title="bbox 130 2731 916 2806; baseline 0.006 -18"><span class='ocrx_word' id='word_1_233' title='bbox 130 2731 215 2789; x_wconf 87' lang='lat' dir='ltr'>Hono</span> <span class='ocrx_word' id='word_1_234' title='bbox 232 2736 341 2806; x_wconf 87' lang='lat' dir='ltr'>qualem</span> <span class='ocrx_word' id='word_1_235' title='bbox 359 2753 465 2806; x_wconf 88' lang='lat' dir='ltr'>nequeo</span> <span class='ocrx_word' id='word_1_236' title='bbox 483 2741 636 2792; x_wconf 89' lang='lat' dir='ltr'>monstrare</span> <span class='ocrx_word' id='word_1_237' title='bbox 651 2740 681 2792; x_wconf 83' lang='lat' dir='ltr'>et</span> <span class='ocrx_word' id='word_1_238' title='bbox 700 2735 789 2790; x_wconf 82' lang='lat' dir='ltr'>sentio</span> <span class='ocrx_word' id='word_1_239' title='bbox 805 2737 916 2792; x_wconf 82' lang='lat' dir='ltr'>tantum</span> 
     </span>
     <span class='ocr_line' id='line_1_36' title="bbox 129 2809 825 2882; baseline 0.004 -18"><span class='ocrx_word' id='word_1_240' title='bbox 129 2809 287 2867; x_wconf 80' lang='lat' dir='ltr'>Anxietats.</span> <span class='ocrx_word' id='word_1_241' title='bbox 301 2829 397 2867; x_wconf 85' lang='lat' dir='ltr'>sarens</span> <span class='ocrx_word' id='word_1_242' title='bbox 412 2813 520 2868; x_wconf 84' lang='lat' dir='ltr'>animus</span> <span class='ocrx_word' id='word_1_243' title='bbox 536 2813 610 2882; x_wconf 80' lang='lat' dir='ltr'>iacit,</span> <span class='ocrx_word' id='word_1_244' title='bbox 628 2813 715 2867; x_wconf 90' lang='lat' dir='ltr'>omnis</span> <span class='ocrx_word' id='word_1_245' title='bbox 732 2809 825 2867; x_wconf 76' lang='lat' dir='ltr'>auerti</span> 
     </span>
     <span class='ocr_line' id='line_1_37' title="bbox 129 2883 868 2960; baseline 0.004 -21"><span class='ocrx_word' id='word_1_246' title='bbox 129 2883 290 2958; x_wconf 76' lang='lat' dir='ltr'>Impatiens,</span> <span class='ocrx_word' id='word_1_247' title='bbox 309 2889 425 2958; x_wconf 83' lang='lat' dir='ltr'>cupidus</span> <span class='ocrx_word' id='word_1_248' title='bbox 443 2889 571 2945; x_wconf 86' lang='lat' dir='ltr'>silvarum</span> <span class='ocrx_word' id='word_1_249' title='bbox 588 2893 724 2960; x_wconf 86' lang='lat' dir='ltr'>aptusque</span> <span class='ocrx_word' id='word_1_250' title='bbox 741 2887 868 2942; x_wconf 89' lang='lat' dir='ltr'>bibendis</span> 
     </span>
     <span class='ocr_line' id='line_1_38' title="bbox 129 2959 947 3035; baseline 0.005 -19"><span class='ocrx_word' id='word_1_251' title='bbox 129 2959 265 3017; x_wconf 79' lang='lat' dir='ltr'>Fontibus</span> <span class='ocrx_word' id='word_1_252' title='bbox 283 2964 428 3019; x_wconf 82' lang='lat' dir='ltr'>Aonidum.</span> <span class='ocrx_word' id='word_1_253' title='bbox 464 2965 563 3035; x_wconf 86' lang='lat' dir='ltr'>Neque</span> <span class='ocrx_word' id='word_1_254' title='bbox 580 2967 653 3020; x_wconf 86' lang='lat' dir='ltr'>enim</span> <span class='ocrx_word' id='word_1_255' title='bbox 670 2967 782 3019; x_wconf 63' lang='lat' dir='ltr'>eanbrs</span> <span class='ocrx_word' id='word_1_256' title='bbox 799 2963 851 3018; x_wconf 94' lang='lat' dir='ltr'>sub</span> <span class='ocrx_word' id='word_1_257' title='bbox 868 2967 947 3020; x_wconf 77' lang='lat' dir='ltr'>antro</span> 
     </span>
     <span class='ocr_line' id='line_1_39' title="bbox 129 3036 978 3110; baseline 0.006 -20"><span class='ocrx_word' id='word_1_258' title='bbox 129 3036 221 3091; x_wconf 90' lang='lat' dir='ltr'>Pierio</span> <span class='ocrx_word' id='word_1_259' title='bbox 237 3038 395 3107; x_wconf 83' lang='lat' dir='ltr'>thyrsumve</span> <span class='ocrx_word' id='word_1_260' title='bbox 412 3044 504 3110; x_wconf 86' lang='lat' dir='ltr'>potest</span> <span class='ocrx_word' id='word_1_261' title='bbox 521 3042 679 3110; x_wconf 84' lang='lat' dir='ltr'>eontingere</span> <span class='ocrx_word' id='word_1_262' title='bbox 696 3044 801 3095; x_wconf 90' lang='lat' dir='ltr'>moesta</span> <span class='ocrx_word' id='word_1_263' title='bbox 932 3061 938 3082; x_wconf 82' lang='lat'><strong>·</strong></span> <span class='ocrx_word' id='word_1_264' title='bbox 955 3055 978 3095; x_wconf 77' lang='lat' dir='ltr'><strong>o</strong></span> 
     </span>
     <span class='ocr_line' id='line_1_40' title="bbox 129 3112 864 3188; baseline 0.007 -21"><span class='ocrx_word' id='word_1_265' title='bbox 129 3112 283 3182; x_wconf 71' lang='lat' dir='ltr'>Paupertas</span> <span class='ocrx_word' id='word_1_266' title='bbox 299 3119 385 3186; x_wconf 86' lang='lat' dir='ltr'>atque</span> <span class='ocrx_word' id='word_1_267' title='bbox 402 3116 473 3170; x_wconf 88' lang='lat' dir='ltr'>aeris</span> <span class='ocrx_word' id='word_1_268' title='bbox 489 3118 576 3186; x_wconf 86' lang='lat' dir='ltr'>inops,</span> <span class='ocrx_word' id='word_1_269' title='bbox 595 3135 650 3188; x_wconf 90' lang='lat' dir='ltr'>quo</span> <span class='ocrx_word' id='word_1_270' title='bbox 667 3122 747 3172; x_wconf 82' lang='lat' dir='ltr'>noete</span> <span class='ocrx_word' id='word_1_271' title='bbox 764 3117 864 3187; x_wconf 85' lang='lat' dir='ltr'>dieque</span> 
     </span>
     <span class='ocr_line' id='line_1_41' title="bbox 129 3187 949 3266; baseline 0.006 -22"><span class='ocrx_word' id='word_1_272' title='bbox 129 3187 237 3260; x_wconf 68' lang='lat' dir='ltr'>Corpus</span> <span class='ocrx_word' id='word_1_273' title='bbox 254 3195 334 3262; x_wconf 79' lang='lat' dir='ltr'>eget:</span> <span class='ocrx_word' id='word_1_274' title='bbox 358 3196 436 3247; x_wconf 89' lang='lat' dir='ltr'>satur</span> <span class='ocrx_word' id='word_1_275' title='bbox 451 3197 495 3248; x_wconf 89' lang='lat' dir='ltr'>est</span> <span class='ocrx_word' id='word_1_276' title='bbox 512 3210 599 3264; x_wconf 84' lang='lat' dir='ltr'>qnurn</span> <span class='ocrx_word' id='word_1_277' title='bbox 617 3193 686 3249; x_wconf 87' lang='lat' dir='ltr'>dicit</span> <span class='ocrx_word' id='word_1_278' title='bbox 704 3193 845 3266; x_wconf 81' lang='lat' dir='ltr'>Horatius,</span> <span class='ocrx_word' id='word_1_279' title='bbox 861 3193 949 3256; x_wconf 73' lang='lat' dir='ltr'>lione!</span> 
     </span>
    </p>
   </div>
   <div class='ocr_carea' id='block_1_3' title="bbox 0 0 1086 3536">
    <p class='ocr_par' dir='ltr' id='par_1_23' title="bbox 0 0 1086 3536">
     <span class='ocr_line' id='line_1_42' title="bbox 0 0 1086 3536; baseline 0 3"><span class='ocrx_word' id='word_1_280' title='bbox 0 0 1086 3536; x_wconf 95' lang='lat' dir='ltr'> </span> 
     </span>
    </p>
   </div>
  </div>
 </body>
</html>
