2134 3536
341 114 345 158 .“
393 104 559 154 NSATIRA
576 105 625 154 VI.
920 110 952 158 35

91 197 182 252 α1333
199 195 241 250 fas
259 197 317 260 331;
336 193 455 252 admitte
473 194 574 248 viros.''
610 195 675 250 lem
693 196 798 251 dormit
815 196 934 264 adulter,
955 225 957 230 ·

94 273 149 328 1113
161 271 246 340 jubet
264 275 353 328 333313
367 270 498 339 juvenem
515 288 666 344 properare
683 272 796 328 cucullo.
915 289 952 348 seo

94 349 125 404 Si
143 348 211 401 nihil
229 351 272 402 est
289 347 374 404 servis
391 349 544 404 1333331133.
581 348 741 404 Abstuleris
757 366 835 419 spem

93 426 250 492 Servorum,
267 425 389 480 renitet
407 423 557 480 3333133133
575 425 710 493 aquarius.
747 426 802 480 Hic
819 427 842 482 si

94 503 243 569 Quaeritur
261 507 289 556 et
307 501 409 558 ,3133331
425 501 557 570 homiues,
575 501 742 560 moracella
759 519 810 572 per
827 503 916 572 ipsam

93 580 156 646 Quo
174 581 264 634 minus
281 579 409 648 imposito
427 579 535 637 clunem
553 580 709 636 3333311131
725 579 817 636 asello.

93 659 191 724 Atque
208 656 401 714 utinamritus
419 659 528 712 veteres
546 659 576 712 et
592 655 702 725 publica
720 656 818 710 3311333
911 671 949 710 333

93 734 149 788 His
166 735 269 788 intacta
286 733 364 788 malis
382 735 531 800 egerentur
549 749 638 788 sacra:
660 732 711 786 secl
728 749 822 788 omues
929 759 930 764 1

92 810 239 866 1133333331
257 810 349 866 Mauri
367 812 456 878 etque
469 809 542 877 Indi,
561 826 635 878 ques
649 809 765 878 psaltria
781 825 890 878 penem,

92 887 230 956 Majorem
246 903 329 956 quam
346 889 410 941 3331
428 885 484 941 duo
502 885 627 942 Caesaris
646 887 834 955 Anticatones,

93 963 166 1016 Illuc
183 963 304 1018 testiculi
323 962 376 1018 sihi
393 962 516 1018 conscius
534 963 608 1018 undo
625 962 698 1030 fugit
715 979 778 1021 3333
921 1014 923 1018 ,

92 1040 242 1108 1313133113,
251 1039 299 1094 ubi
315 1040 401 1096 veleri
418 1039 526 1110 pictum
540 1039 658 1107 jubetur
799 1069 801 1076 ·
912 1053 950 1094 sto

93 1119 277 1186 Quaecunque
294 1115 407 1172 alterius
425 1132 507 1170 sexus
524 1115 633 1172 imitata
651 1117 768 1184 figuram
786 1117 837 1174 est.

91 1194 130 1249 111
148 1194 210 1262 quis
226 1197 292 1248 tuuc
310 1193 449 1248 homiuum
468 1195 622 1248 contemtor
639 1193 775 1248 numinis?
795 1193 924 1261 3313313

91 1271 265 1340 &impurium
282 1271 375 1324 ridere
395 1271 503 1326 Numae
520 1271 686 1339 nigrumque
703 1269 825 1327 catinum

90 1347 130 1402 111
148 1347 282 1402 Vaticano
299 1347 409 1415 fragiles
426 1347 463 1402 de
480 1349 573 1402 monte
590 1345 707 1415 patellas
744 1365 747 1374 ’

90 1425 187 1480 Areus
204 1424 282 1478 'eruti
307 1422 503 1478 3331333333
520 1439 587 1492 ques
599 1439 659 1478 ¹non
678 1422 790 1480 Clodius
808 1427 887 1480 33331
911 1438 948 1480 345

70 1507 74 1512 “
127 1501 221 1555 Audio
239 1501 306 1571 qirid
322 1504 430 1556 veteres
448 1500 512 1554 olim
530 1499 663 1554 moneatis
681 1501 767 1556 333131.
798 1537 800 1540 -
908 1527 910 1530 <
955 1539 957 1546 ,

89 1577 190 1632 “Pone
205 1595 302 1644 serem,
320 1577 439 1632 cohibe.''
474 1577 531 1632 eet
548 1577 611 1646 quis
627 1576 765 1632 custodiet
782 1576 858 1646 ipsos

90 1654 245 1710 Custodesi
282 1655 370 1710 Oeuta
388 1658 432 1709 ost
452 1657 482 1708 31
499 1653 534 1708 ab
551 1654 607 1708 illis
623 1653 721 1722 incipit
737 1669 814 1710 uxor.

88 1731 213 1800 Jamque
229 1732 328 1786 eedem
344 1731 456 1786 summis
473 1731 770 1800 pariter·miuimisque
785 1729 888 1784 libido:

88 1806 152 1862 nee
169 1808 265 1862 melior
281 1808 386 1862 silicem
403 1807 522 1876 pedibus
538 1823 613 1876 queo
627 1807 746 1862 conterit
763 1809 856 1864 atrum
910 1821 947 1862 ato

90 1884 180 1949 Quam
198 1901 269 1954 quac
281 1883 428 1951 longorum
444 1883 554 1938 vehitur
572 1883 676 1938 3333133
695 1882 833 1953 Syrorum.
905 1883 930 1923 ›st
951 1891 953 1897 ’

125 1960 167 2014 111
185 1963 291 2027 spectet
308 1959 388 2012 ludos
406 1959 534 2014 conducit
551 1959 669 2027 Ogulnia
687 1962 799 2028 vestem,
904 1986 906 1991 ·

90 2036 229 2094 Gondueit
244 2035 365 2104 comites,
383 2035 486 2100 sellam,
504 2035 627 2103 cervical,
646 2035 754 2102 aeneas,

88 2112 242 2181 Nutricem,
261 2115 291 2166 et
308 2111 407 2166 flavam
423 2111 467 2166 cui
484 2111 534 2166 det
550 2111 681 2168 mandata
698 2111 826 2180 puellam.

90 2189 175 2243 Haec
186 2192 279 2243 tamen
297 2187 405 2256 argenti
421 2191 549 2256 superest
567 2188 750 2256 quodcunque
765 2188 875 2259 petemi
908 2201 945 2240 333

89 2265 210 2319 Levibus
227 2264 338 2319 athletis
356 2279 388 2319 ac
404 2279 469 2318 rasa
485 2264 637 2318 novissima·
648 2263 742 2318 donat.

89 2341 188 2395 Multis
205 2357 250 2394 res
267 2342 384 2408 angusta
401 2340 476 2395 domi
493 2342 549 2396 est:
567 2339 617 2394 sed
634 2340 709 2394 nulla
725 2339 860 2408 puriorem

89 2417 269 2487 Paupertatis
286 2416 378 2484 habet,
396 2433 446 2470 333
463 2433 494 2472 33
510 2416 626 2472 motitur
643 2417 679 2473 ad
696 2417 772 2474 illum

90 2491 619 2563 Quemdedithaecposuitquemodum.
638 2492 814 2548 Tamenutile
822 2491 889 2560 quid
898 2493 941 2572 sit¹

89 2569 265 2641 Prospiciunt
282 2569 428 2637 aliquando
446 2570 505 2638 viri,
521 2569 662 2638 suesque
679 2570 836 2638 famemque
905 2582 942 2622 sco

88 2647 216 2702 Formica
231 2645 345 2702 tandem
363 2646 475 2714 quidam
492 2663 630 2717 expavere
645 2647 785 2714 magistra

88 2723 210 2792 Prodiga
226 2740 281 2777 non
299 2723 385 2778 sentit
402 2727 564 2792 pereuntem
581 2723 682 2779 lomina
698 2739 818 2791 3333333

88 2803 137 2865 At
155 2800 231 2854 velut
247 2799 382 2854 33133313
399 2801 538 2856 redivivus
554 2801 671 2870 pullulet
688 2816 754 2856 arca

87 2875 224 2930 Nummus
242 2879 272 2930 et
289 2893 305 2930 e
322 2877 403 2947 pleno
420 2877 534 2932 tollatur
551 2894 661 2947 semper
676 2893 782 2948 acervo,

86 2953 115 3010 N
117 2968 152 3006 on
169 2969 288 3022 unquam
306 2957 436 3022 reputent
454 2955 551 3022 quanti
569 2953 621 3010 sibi
639 2953 740 3023 gaudia
756 2956 889 3012 constent
904 2969 941 3008 333

103 3076 106 3083 .
123 3029 194 3084 Sunt
210 3047 280 3098 ques
296 3029 413 3084 33333131
431 3030 556 3088 imbelles
572 3047 605 3086 33
621 3030 714 3086 mollia
730 3047 840 3102 sempor
926 3083 928 3090 s

88 3104 188 3160 Oscula
205 3105 343 3160 delectent
361 3110 391 3160 ot
410 3106 567 3175 desperatio
584 3106 696 3176 barbae,
928 3123 938 3144 ·

88 3182 125 3237 Et
142 3179 217 3252 quod
232 3181 356 3237 abortivo
373 3199 427 3236 uon
445 3185 489 3236 est
506 3197 581 3252 opus.
618 3184 671 3239 Illa
687 3183 812 3254 volupes
834 3233 835 3239 ,
881 3237 884 3240 .
912 3247 914 3252 ,

828 3275 870 3314 33
