2134 3536
422 174 556 224 SATIRA
571 171 622 222 VI.
919 173 950 225 27

100 267 158 323 Sed
173 266 295 338 potanda
311 266 402 320 ferens
419 263 569 318 infantibus
585 263 672 316 ubera
688 261 802 330 magnis,
823 285 825 290 ·

98 345 139 399 Et
156 361 238 414 saepe
254 343 391 398 horridior
406 341 534 410 glandem
552 341 677 394 ructante
694 338 801 392 marito.
929 353 953 392 ie

100 420 210 490 Quippe
227 419 308 474 aliter
324 423 397 486 tune,
415 417 483 472 erbe
500 432 570 472 novo
587 415 716 484 caeloque
733 413 848 483 receuti,

99 496 239 552 Vivebant
255 495 386 563 homines,
404 495 451 562 qui
468 495 551 564 rupto
568 492 666 546 robore
683 491 742 546 nati

100 573 284 642 Compositive
300 572 359 627 luto
376 571 463 626 nullos
481 569 600 624 habuere
617 572 753 638 parentes

99 650 190 704 Multa
206 649 354 719 pudicitiae
371 648 472 703 veteris
489 647 606 714 uestigia
622 645 714 700 forsan

100 726 161 780 Aut
173 725 263 796 aliqua
274 725 430 780 exstiterint
442 730 471 778 et
484 724 534 778 sub
548 723 566 778 J
569 739 634 788 ore;
651 722 702 777 sed
712 723 784 778 Jove
796 721 917 778 nondum
928 736 952 776 15
1058 755 1060 759 -

99 799 228 868 Barbato,
246 799 367 854 nondum
386 799 498 854 Graecis
511 798 607 868 jurare
624 799 729 868 paratis

100 877 156 930 Per
173 880 255 946 caput
272 877 391 944 alterius,
409 893 494 945 quum
512 875 601 930 furem
619 891 699 929 nemo
717 875 829 930 timeret

100 953 229 1008 Gaulibus
247 957 295 1008 aut
311 953 399 1024 pomis
417 956 447 1008 et
465 955 561 1022 aperto
579 951 685 1007 vireret
703 951 791 1007 horto.

100 1029 246 1088 Paullatim
264 1029 364 1084 deiude
381 1029 418 1084 ad
436 1046 549 1100 superos
568 1031 689 1084 Astraea
706 1029 821 1084 recessit

100 1106 163 1160 Hae
179 1107 284 1174 comite,
301 1110 387 1176 atque
404 1106 477 1162 duae
493 1107 599 1176 pariter
615 1106 711 1174 fugere
728 1122 841 1160 sorores
923 1121 952 1160 ao

100 1183 255 1252 Antiquom
273 1185 302 1238 et
319 1186 398 1238 vetus
416 1185 460 1237 est
477 1183 603 1250 alienum,
623 1182 760 1248 Postume,
778 1182 880 1236 lectum

100 1259 253 1314 Goneutere
270 1262 354 1329 atque
372 1259 442 1314 saeri
462 1260 578 1314 Genium
596 1263 770 1314 contemnere
787 1258 874 1314 fulcri.

100 1335 189 1389 Omne
207 1335 281 1390 aliud
299 1336 402 1390 erimen
419 1353 483 1390 mox
501 1337 591 1390 ferrea
608 1335 722 1406 protulit
740 1337 831 1401 aetas;

98 1410 238 1466 Viderunt
256 1411 358 1482 primos
375 1416 507 1482 argentea
525 1412 617 1468 secula
633 1411 766 1466 moechos

99 1487 271 1542 (laurentum
288 1491 381 1544 tamen
399 1494 429 1543 et
445 1493 557 1560 paetum
575 1493 605 1544 et
623 1488 758 1558 sponsalia
775 1491 869 1544 nostra
927 1503 951 1544 2⁵

99 1563 274 1633 Tempestate
292 1581 378 1634 paras,
395 1565 509 1635 jamque
527 1584 544 1620 a
561 1569 672 1620 tonsore
688 1565 819 1633 magistro

99 1639 223 1694 Peeteris
241 1644 271 1694 et
288 1641 375 1710 digito
393 1643 493 1711 pignus
510 1643 626 1698 fortasse
644 1641 752 1696 dedisti

100 1715 184 1770 Certe
202 1733 284 1771 sanus
301 1734 375 1772 eras:
395 1735 517 1788 uxorem,
535 1719 673 1786 Postume,
693 1718 788 1776 ducisl

98 1791 152 1847 Die
169 1809 224 1862 qua
242 1793 392 1863 Tisiphone,
412 1795 510 1863 quibus
529 1795 670 1863 exagitare
688 1793 822 1852 colubris?

98 1868 185 1924 Ferre
203 1872 281 1938 potes
300 1870 439 1926 dominam
459 1873 539 1926 salvis
557 1875 600 1926 tot
618 1870 739 1926 restibus
758 1871 849 1939 ullam,
927 1887 952 1926 ao

100 1945 192 2010 Quum
211 1949 326 2016 pateant
344 1947 417 2002 altae
436 1948 639 2016 caligantesque
657 1948 803 2016 fenestrae,

100 2021 191 2088 Quum
211 2021 263 2076 tibi
282 2023 401 2078 vicinum
420 2041 450 2080 so
468 2024 600 2094 praebeat
619 2023 753 2079 Aemilius
770 2027 856 2094 ponsl
950 2054 951 2060 ,

99 2099 161 2154 Aut
180 2098 203 2152 si
216 2098 253 2154 de
271 2099 367 2154 multis
385 2100 476 2154 nullus
495 2101 587 2170 placet
606 2099 704 2168 exitus,
723 2100 793 2154 illud

98 2175 200 2231 Nonne
218 2178 300 2246 putas
318 2176 415 2232 melius
435 2177 509 2246 quod
527 2181 620 2232 tecum
638 2175 717 2247 pusio
736 2176 846 2244 dormit,

99 2250 183 2306 Pusio
202 2252 250 2322 qui
268 2255 352 2308 noctu
369 2271 424 2308 uon
442 2253 541 2322 litigat,
561 2253 647 2322 exigit
664 2269 681 2306 a
698 2255 730 2308 te
861 2297 866 2310 .,
927 2268 952 2308 3⁵

99 2327 183 2382 Nulla
198 2327 295 2398 jacens
313 2329 368 2384 illie
386 2331 553 2398 munuscula,
572 2346 623 2384 nee
643 2329 769 2400 queritur
786 2329 862 2399 quod

99 2403 137 2458 Et
154 2404 235 2460 lateri
254 2423 351 2476 pareas
369 2423 421 2462 neo
440 2410 573 2476 quantum
588 2407 672 2475 jussit
690 2405 817 2462 anhelesl

100 2479 157 2536 Sed
174 2481 264 2550 placet
282 2482 395 2536 Ursidio
413 2483 459 2538 lex
471 2483 559 2538 Julia:
575 2483 673 2538 tollere
694 2482 803 2536 duleem

99 2557 210 2626 Cogitat
228 2558 366 2626 heredem,
385 2561 520 2614 cariturus
538 2563 646 2615 turture
663 2575 764 2628 magno

99 2633 302 2704 Mullorumque
316 2634 394 2704 jubis
412 2640 443 2692 et
461 2640 603 2707 captatore
621 2635 743 2691 macello.
927 2649 952 2690 aa

100 2709 174 2776 Quid
194 2709 253 2765 fieri
274 2727 329 2765 non
347 2729 427 2781 posse
444 2717 526 2782 pules
545 2714 568 2767 si
581 2712 710 2781 jungitur
726 2709 785 2764 ulla

99 2785 229 2842 Ursidiol
251 2787 274 2842 si
292 2788 473 2844 moechorum·
486 2789 642 2844 notissimus
661 2788 725 2842 olim

86 2862 193 2918 ⁴Stulta
210 2863 330 2918 maritali
343 2863 405 2933 jam
424 2865 540 2934 porrigit
558 2881 607 2918 ora
625 2864 751 2934 capistro,

100 2939 188 3006 Quem
207 2939 293 2994 toties
309 2941 382 2995 texit
400 2942 517 3012 perituri
536 2942 605 2996 eista
622 2939 732 2996 Latinil

100 3015 181 3084 Quid,
201 3015 275 3085 quod
294 3019 325 3070 et
342 3017 463 3086 antiquis
481 3035 551 3073 uxor
570 3017 606 3072 de
625 3016 747 3072 moribus
764 3016 806 3072 illi
927 3032 951 3071 so

100 3091 254 3157 Quaeritur.
293 3092 317 3147 Ο
337 3093 445 3162 medici,
464 3095 583 3150 mediam
602 3093 763 3164 pertundite
781 3099 892 3150 reuma!

100 3167 219 3223 Delicias
236 3169 366 3224 hominis!
405 3170 550 3240 Tarpeium
569 3169 653 3224 limen
672 3169 757 3224 adora

99 3241 207 3298 Pronus
225 3247 255 3299 et
273 3247 398 3300 auratam
416 3245 521 3302 Junoui
540 3243 625 3300 caede
640 3243 797 3316 juvencam,
