2134 3536
120 125 151 174 26
355 123 388 172 D.
406 123 514 174 JUNII
530 119 740 175 JUVFNALIS

120 215 235 271 Boletus
254 213 380 280 domin03
402 214 452 270 sed
472 216 568 286 quales
590 213 722 272 Claudius
742 212 802 270 edit

121 295 197 346 Ante
216 291 292 345 illum
311 291 405 346 uxoris
423 295 488 363 post
507 309 590 362 quem
609 292 649 346 nil
669 289 786 359 amplius
810 289 879 346 edit.

120 366 205 422 virro
224 367 278 422 sibi
297 371 327 422 et
346 368 459 438 reliquis
479 367 643 424 Virronibus
662 369 710 424 illa
724 365 837 436 jubebit

121 446 207 499 Poma
226 443 288 498 dari
307 461 422 513 quorum
443 446 500 499 solo
520 445 641 514 pascaris
659 445 759 500 odore:
944 456 980 498 150

121 521 218 586 Qualia
235 525 387 590 perpetuus
407 522 563 576 Phaeacum
584 523 731 576 autumnus
749 519 881 588 habebat,

121 598 242 652 Credere
260 614 332 666 quae
350 597 438 666 possis
457 600 585 667 surrepta
608 598 747 652 sororibus
767 597 858 652 Afris:

120 675 162 730 Τιι
180 674 272 730 scabie
289 675 388 730 frueris
407 674 479 742 mali,
500 673 576 742 quod
593 674 622 730 in
642 691 743 744 aggere
762 673 837 728 rodit

121 751 175 817 Qui
193 752 299 821 tegitur
319 769 415 822 parma
432 754 462 806 et
481 751 561 819 galee
582 753 764 820 metuensque
784 749 886 817 flagelli

120 829 208 884 Discit
228 828 264 883 ab
284 829 391 882 hirsuta
404 827 527 896 jaculum
547 830 678 896 torquere
697 826 808 896 capella.
941 839 979 878 ras

121 905 249 961 Forsitan
268 905 407 974 impensae
426 904 572 958 Virronem
596 919 709 972 pareone
732 901 837 958 credas

122 983 184 1037 Hoc
203 982 261 1052 agit
279 985 312 1037 ut
332 981 441 1036 doleas:
466 997 530 1036 nam
551 997 621 1049 quae
642 979 789 1047 comoedia,
808 977 908 1032 mimus

121 1058 189 1125 Quis
206 1058 304 1114 melior
320 1059 445 1128 plorante
463 1057 547 1126 gulal
583 1058 655 1126 Ergo
673 1056 764 1111 omnia
781 1055 860 1124 fiunt,
953 1111 958 1118 ,

121 1137 151 1191 Si
168 1135 262 1203 nescis,
279 1137 313 1188 ut
329 1151 380 1204 per
397 1133 521 1188 lacrimas
539 1133 680 1188 effundere
697 1131 781 1188 bilem

122 1211 235 1282 Cogeris
252 1227 402 1282 pressoque
420 1209 467 1264 din
485 1209 604 1264 stridere
620 1209 725 1264 molari.
940 1221 978 1260 ιω

120 1289 164 1343 Tu
179 1288 233 1343 tibi
249 1287 319 1342 liber
335 1286 416 1342 homo
434 1289 464 1342 et
481 1285 554 1354 ragis
571 1285 684 1342 conviva
701 1283 811 1351 videris,

123 1365 241 1435 Captum
260 1367 288 1418 te
305 1363 401 1418 nidore
419 1378 484 1417 suae
501 1364 583 1432 putat
600 1362 646 1418 ille
664 1361 784 1418 culinae:

122 1441 149 1495 N
150 1459 182 1496 ec
198 1440 270 1494 male
287 1439 431 1508 conjectat
469 1439 536 1504 Quis
554 1439 627 1493 enim
645 1441 703 1492 tam
721 1436 810 1492 nudus
827 1436 954 1494 utillum

122 1517 171 1572 Bis
188 1517 266 1584 ierat,
285 1517 432 1571 Etruscum
449 1531 536 1584 puero
552 1515 577 1570 si
594 1514 711 1582 contigit
728 1529 829 1572 aurum

77 1625 80 1630 ·
122 1593 175 1648 Vel
192 1593 280 1647 nodus
297 1595 407 1646 tautum
423 1596 453 1647 et
471 1591 578 1660 signum
596 1591 632 1646 de
649 1607 771 1660 paupera
788 1589 864 1646 lorol
941 1607 978 1648 ιω
1060 1663 1061 1666 ¹

123 1669 193 1738 Spes
208 1668 279 1724 bene
296 1667 428 1722 coenandi
445 1685 493 1722 vos
511 1667 621 1738 decipit.
657 1667 751 1722 “Ecce
769 1666 847 1722 dabit
860 1666 920 1736 jam

123 1747 264 1801 Semesum
281 1745 403 1814 leporem
420 1747 505 1812 atque
523 1743 628 1814 aliquid
645 1744 681 1800 de
699 1744 822 1800 clunibus
839 1744 915 1812 apri:

123 1821 172 1876 Ad
188 1838 238 1876 nos
250 1820 311 1890 jam
328 1821 420 1882 ¹veniet
437 1821 526 1876 minor
543 1820 649 1875 altilis.”
687 1820 758 1874 Inde
775 1822 872 1889 parato

124 1899 287 1966 Intactoque
305 1913 400 1952 omnes
417 1900 446 1952 et
463 1897 561 1953 stricto
578 1913 650 1966 pane
668 1897 774 1952 tacetis.

124 1974 176 2030 llle
192 1973 266 2045 sapit
283 1973 331 2042 qui
348 1975 378 2028 te
395 1973 434 2028 sic
452 1973 548 2028 utitur.
583 1972 683 2026 Omnia
700 1973 772 2026 ferre
942 1987 980 2030 170

123 2050 154 2105 Si
170 2053 258 2120 potes,
276 2053 306 2105 et
323 2048 415 2104 debes.
451 2048 620 2104 Pulsandum
639 2049 741 2104 vertice
759 2065 821 2104 raso

124 2125 271 2181 Praebebis
289 2127 453 2196 quaudoque
471 2128 560 2194 caput,
579 2142 630 2180 uec
647 2125 716 2179 dura
732 2123 843 2180 timebis

124 2201 225 2272 Flagra
241 2203 306 2274 pati,
325 2203 369 2258 his
386 2202 474 2272 epulis
491 2206 521 2258 et
538 2201 588 2258 tall
606 2201 705 2270 dignus
722 2201 817 2258 amieo.

444 2529 588 2586 serias
605 2529 656 2586 VI.

125 2644 222 2699 Ounno
241 2641 407 2696 Pudicitiam
425 2641 543 2698 Saturno
561 2658 626 2712 rege
643 2643 777 2695 moratam

124 2721 160 2776 In
177 2719 259 2775 terris
275 2719 415 2788 visamque
433 2717 488 2784 diu,
506 2734 591 2786 quum
608 2717 708 2784 frigida
724 2732 823 2786 parvas

125 2795 275 2851 Praeberet
292 2793 421 2864 spelunca
437 2793 532 2848 domos
549 2794 695 2862 ignemque
712 2791 866 2862 Laremque

124 2873 162 2928 Et
178 2889 261 2942 pecus
277 2873 306 2926 et
324 2870 447 2925 dominos
466 2870 602 2926 communi
620 2869 762 2924 clauderet
778 2868 892 2934 umbra;

52 2968 63 2998 κ
125 2948 284 3005 silvestrem
301 2949 430 3000 montana
447 2948 538 3000 torum
556 2963 642 3016 quum
659 2948 797 3000 sterneret
814 2961 884 3000 uxor
969 2964 983 3002 s

126 3023 281 3080 Fraudibus
298 3026 328 3078 et
345 3023 434 3076 culmo
452 3023 656 3094 vicinarumque
672 3022 794 3076 ferarum

127 3099 256 3168 Pellibus,
273 3097 347 3154 haud
365 3098 460 3152 similis
477 3099 537 3168 tibi,
556 3100 679 3169 Cynthia,
696 3114 746 3152 nec
764 3095 824 3166 tibi,
841 3095 920 3166 cujus

127 3174 259 3232 'lurbavit
275 3172 377 3229 nitidos
395 3173 548 3230 exstinctus
565 3191 660 3245 passer
677 3172 784 3242 ocellos,
