2126 3532
137 79 181 130 96¹
371 76 403 128 D.
423 77 443 127 J
447 77 530 131 UNII
547 78 758 129 JUVENALIS

136 167 251 236 Stoicus,
263 167 378 236 antiqui
395 167 557 236 praesertim
575 173 669 224 aetate
689 169 813 226 Metelli?

136 244 217 301 Nunc
234 247 310 300 tetus
324 243 423 298 Graias
437 249 599 312 nostrasque
613 245 698 300 babet
714 245 789 300 erbis
806 247 951 304 Athenas.
972 263 1011 304 110

136 319 228 376 Gallia
244 320 396 375 causidicos
414 320 509 376 decuit
526 320 644 376 facunda
663 322 821 388 Britannos,

136 396 181 452 De
197 395 375 454 conducendo
392 397 514 466 loquitur
527 396 588 466 jam
605 398 716 454 rhetore
734 400 829 456 Thule.

136 473 243 530 Nobilis
261 473 307 528 ille
324 477 417 528 tamen
435 473 552 544 populus
570 491 652 544 quem
669 477 796 544 diximus,
807 481 839 533 et
854 493 913 548 par

135 550 250 606 Virtute
267 555 352 619 etque
369 550 425 606 lide
443 551 493 604 sed
510 551 599 620 major
616 552 694 606 clade
712 555 857 624 Sagsmtus,

136 626 201 682 Tale
220 625 287 696 quid
304 630 423 682 excmat
461 627 600 682 Maeotide
618 628 724 682 saevior
741 646 790 685 ara
970 646 1009 686 ns

136 703 297 773 Aegyptum
320 703 422 773 quippe
439 703 487 757 illa
503 703 615 758 nefandi
633 703 746 760 Taurica
763 705 834 760 sacri

137 777 279 834 Inventrix
297 779 421 834 hemines
438 779 552 848 (etjam
570 796 641 848 quae
658 781 777 836 carmina
794 781 917 837 tradunt

136 853 228 923 Digne
244 854 301 909 lide
319 854 427 923 credes)
445 860 555 912 tentum
573 857 704 925 immolat,
721 857 837 912 ulterius
854 857 897 912 nil

137 931 198 985 Aut
214 931 325 999 gravius
342 931 431 987 cultro
449 933 530 989 timet
547 932 643 988 bestia
679 933 748 999 Quis
765 933 847 988 mede
863 950 954 988 cesus

137 1005 253 1076 Impulit
270 1007 335 1063 besl
353 1025 424 1076 quae
442 1012 522 1064 tante
538 1011 625 1064 fames
642 1009 797 1078 infestaque
814 1009 887 1064 valle
967 1025 1006 1064 tm

137 1082 226 1138 Arma
243 1089 392 1153 coegemmt
409 1088 468 1140 tam
486 1085 650 1140 detestabile
667 1092 818 1140 monstrum

137 1157 270 1215 Auderel
305 1163 388 1215 Anne
405 1160 496 1230 aliam,
513 1166 590 1217 terra
607 1161 791 1230 Memphitide
808 1161 889 1230 siem,

137 1234 275 1290 Invidiam
293 1236 416 1292 iacerent
433 1237 536 1292 nolenti
554 1255 666 1306 surgere
685 1237 764 1294 Nilei

138 1313 199 1379 Qua
214 1328 265 1366 nec
282 1312 419 1368 terribiles
439 1313 550 1380 Oimbri,
569 1331 619 1368 nec
636 1314 765 1370 Britones
781 1329 913 1383 unquam,

80 1441 85 1454 ,
137 1387 369 1458 Sauromataeque
386 1393 478 1444 truces
495 1394 545 1444 aut
562 1389 695 1445 immanes
714 1386 870 1460 Agathyrsi,
962 1405 1001 1448 125

138 1465 201 1520 Hac
218 1465 306 1520 saevit
324 1464 400 1520 rabie
417 1465 527 1520 imbelle
545 1470 574 1522 et
591 1467 688 1522 inutile
705 1467 809 1536 vulgus,

138 1541 257 1596 Parvula
274 1540 403 1596 fictilibus
421 1541 532 1596 solitum
550 1542 617 1598 dere
635 1542 695 1597 vela
711 1543 830 1613 phaselis

137 1617 176 1672 Et
193 1617 320 1673 brevibus
337 1618 430 1687 pictae
446 1619 528 1673 remis
546 1617 703 1674 incumbere
721 1623 817 1676 testae.

137 1693 198 1749 Nec
215 1711 331 1764 poenam
347 1694 443 1750 sceleri
460 1695 589 1764 invenies,
601 1711 652 1750 nec
669 1695 754 1764 digna
770 1695 880 1766 parabis

138 1771 279 1842 Supplicia
295 1771 338 1826 bis
354 1771 470 1842 populis,
482 1771 511 1825 in
529 1788 646 1840 querum
663 1775 757 1826 mente
774 1787 856 1841 parea
874 1774 943 1828 sunt
960 1785 997 1827 tet

138 1848 176 1903 Et
193 1848 295 1904 similes
312 1849 354 1904 ira
371 1851 456 1918 atque
473 1847 566 1902 fames.
603 1847 762 1902 Mellissima
778 1846 863 1904 corda

138 1923 269 1981 Humane
286 1923 381 1994 generi
398 1924 466 1980 dare
483 1940 514 1978 se
531 1926 632 1978 nature
649 1923 753 1978 fatetur

138 2001 220 2067 Quae¹
234 2001 359 2056 lacrimas
377 2000 472 2056 dedit:
489 1999 557 2054 haee
574 2000 661 2056 nestri
677 2017 740 2070 pars
758 1999 862 2070 optima
879 2017 986 2058 sensns

138 2077 251 2132 Plorare
269 2093 334 2146 erge
347 2075 431 2146 jubet
448 2093 541 2132 casum
560 2075 680 2144 lugentis
698 2076 786 2143 amici,

139 2157 353 2228 Squalercmque
370 2156 419 2225 rei,
436 2156 570 2226 pupillum
588 2153 704 2223 adjura
721 2156 865 2210 vocantem
959 2172 995 2212 ue

138 2235 416 2303 Circumscripterem,
434 2232 513 2302 eujus
530 2232 670 2286 manantia
688 2230 757 2286 lietu

105 2311 196 2410 ,pra
213 2310 349 2382 puellares
364 2309 469 2364 iaciunt
486 2309 593 2364 ineerta
610 2307 708 2378 capilli
772 2355 776 2366 .

138 2387 264 2444 Naturae
281 2385 396 2455 imperio
413 2385 555 2454 gemimus,
574 2401 659 2455 quum
676 2384 758 2440 funus
777 2383 891 2442 mulae

137 2464 261 2534 Virginis
278 2463 404 2530 eccmrit,
422 2463 466 2518 vel
484 2466 561 2518 terra
577 2461 716 2518 clauditur
732 2462 820 2516 inians

137 2541 176 2598 m
187 2540 276 2595 minor
287 2540 352 2609 igne
362 2539 428 2608 regi.
465 2538 532 2604 Quis
544 2539 616 2592 enim
628 2537 716 2592 benus
728 2541 758 2592 et
768 2538 828 2592 iace
839 2536 939 2607 dignus
953 2553 984 2593 ae

137 2621 254 2688 Arcana,
272 2616 381 2685 qualem
400 2615 510 2672 (leteris
528 2613 588 2670 vult
605 2629 666 2668 esse
685 2613 820 2682 sacerdes,
907 2641 917 2654 ·

136 2693 202 2751 Ulla
219 2694 309 2749 aliena
327 2693 379 2748 sibi
396 2691 493 2747 eredat
510 2689 599 2746 melai
637 2689 754 2760 Separat
771 2687 824 2744 hcc
840 2705 891 2746 nes

138 2775 165 2830 A
183 2787 268 2841 grege
284 2774 431 2839 mutorum,
448 2772 533 2839 atque
550 2767 614 2824 ideo
631 2765 786 2824 venerabile
804 2765 857 2822 seli
906 2823 908 2830 ,

137 2847 236 2904 Sertiti
253 2847 401 2915 ingenium,
418 2846 628 2916 divinorumque
645 2859 766 2914 capaces,

138 2924 235 2992 Atque
252 2922 412 2976 exercendis
428 2920 624 2991 capiendisque
641 2918 746 2974 artibus
762 2916 829 2987 apti,
950 2934 985 2974 111

138 2997 254 3052 Sensum
272 3013 290 3050 a
307 2996 418 3052 caelesti
436 2996 586 3053 demissum
602 2994 736 3050 traximus
753 3009 824 3060 arce,

152 3071 226 3138 luins
242 3074 326 3140 egent
342 3087 429 3139 prona
446 3076 476 3126 et
493 3075 596 3124 terram
614 3068 774 3138 spectantia
810 3067 906 3124 Mundi

163 3146 277 3214 rineipie
293 3145 409 3202 indrdsit
425 3145 576 3202 communis
592 3142 719 3210 eonditor
736 3143 791 3199 illis
