2134 3536
140 154 172 204 16
376 154 409 206 D.
428 155 535 206 JUNII
552 150 763 206 JUVliNALIS

140 242 273 300 Vicorum
292 243 396 301 inflexu
419 247 449 300 et
468 245 566 300 stantis
587 245 707 301 conside
727 244 861 304 mandrae
902 237 904 243 ⁸

138 320 267 391 Eripient
285 338 410 376 somnum
431 322 521 376 Druso
539 321 688 392 vitulisque
708 322 827 382 marinis.

139 397 170 451 Si
188 401 269 452 vocat
291 397 417 466 officium,
436 398 519 453 turba
538 398 655 453 cedente
673 398 790 454 vehetur

138 471 222 528 Dives
243 477 273 528 et
290 473 397 543 ingenti
416 478 510 529 curret
530 491 614 544 super
631 492 680 530 ora
698 475 832 545 Liburno,
963 493 1000 534 alo
1043 495 1044 502 ³

139 551 235 618 Atque
254 549 345 604 obiter
357 550 432 618 leget
449 554 498 605 aut
519 550 621 605 scribet
639 551 682 605 vel
702 551 820 608 dormiet
838 553 930 613 intus:
1043 561 1044 570 ’

137 624 266 694 Namque
283 625 350 681 facit
369 642 493 680 somnum
512 627 605 680 clausa
623 626 720 682 lectica
739 628 869 686 fenestra.

138 701 214 756 Ante
233 705 326 757 tamen
343 702 450 758 veniet:
473 701 552 756 nobis
573 704 785 772 properantibus
804 705 900 761 obstat

137 777 220 832 Unda
239 779 322 848 prior,
341 795 441 847 magno
460 779 579 849 populus
596 779 698 848 premit
717 779 825 848 agmine
844 781 954 836 lumbos

137 855 190 920 Qui
209 855 350 925 sequitur3
371 854 437 909 ferit
457 855 501 910 hic
518 854 618 921 cubito,
638 855 704 910 ferit
725 872 818 910 assere
837 856 908 912 duro
961 873 997 912 ms
1043 873 1044 926 l

137 931 236 987 Alter:
257 935 287 986 at
305 931 351 986 hic
368 933 477 1000 tignum
494 931 578 1002 capiti
597 931 705 1000 incutit,
724 932 771 986 illo
790 936 947 990 metretam.
1043 933 1044 990 l

136 1006 253 1077 Pinguia
273 1025 354 1063 crura
372 1007 438 1076 luto,
458 1009 555 1078 planta
575 1025 639 1062 mox
662 1008 785 1077 undique
806 1026 909 1078 magna

135 1084 239 1153 Calcor,
261 1085 337 1139 etin
358 1083 447 1153 digito
466 1084 559 1138 clavus
578 1084 647 1138 mibi
665 1084 761 1140 militis
780 1084 888 1142 haeret.

39 1191 44 1202 ·
134 1161 233 1216 Nonne
251 1161 328 1214 vides
346 1163 450 1230 quante
469 1160 626 1216 celebretur
644 1160 769 1230 sportula
786 1161 881 1218 firmol

135 1237 253 1292 Centum
271 1237 413 1302 convivam
436 1237 562 1307 sequitur
581 1253 631 1291 sua
651 1253 788 1306 quemque
807 1237 907 1294 culina.
958 1254 996 1295 reo

134 1314 252 1369 Corbulo
271 1314 316 1368 vix
334 1313 421 1368 ferret
442 1315 486 1367 tot
506 1329 572 1367 vasa
588 1313 717 1381 ingentia,
738 1315 781 1366 tot
800 1329 847 1368 res

135 1390 284 1460 Impositos
304 1389 396 1460 capiti,
418 1393 487 1458 quot
507 1392 583 1443 recto
604 1389 707 1444 vertice
724 1392 819 1458 portat

133 1467 262 1523 Servulus
280 1466 375 1520 infelix
396 1469 427 1520 et
444 1483 526 1520 cursu
544 1465 658 1520 ventilat
679 1465 777 1533 ignem

133 1543 301 1599 Scinduntur
319 1543 428 1597 tunicae
447 1545 539 1596 sartae
557 1540 648 1596 modo.
684 1541 780 1609 Longa
797 1547 925 1598 commeat

133 1619 247 1674 Sarraco
263 1617 393 1673 veniente
413 1617 496 1684 abies,
517 1619 601 1685 atque
619 1616 707 1671 altera
721 1617 817 1685 pinum
957 1636 994 1676 25⁵

132 1694 262 1750 Plaustra
279 1695 397 1760 vehunt3
420 1697 520 1748 nutant
541 1693 596 1748 alte
617 1693 772 1763 populoque
791 1693 948 1752 minantur:

131 1771 205 1828 Nam
224 1773 246 1826 si
267 1771 416 1842 procubuit
435 1770 483 1840 qui
503 1787 570 1824 saxa
588 1769 729 1838 Ligustica
749 1773 845 1839 portat

23 1869 24 1874 ¹
132 1849 203 1904 Axis
222 1851 251 1903 et
272 1864 398 1902 eversum
416 1845 490 1901 ludit
509 1862 592 1916 super
613 1847 722 1913 agmina
742 1849 874 1915 montem,

93 1987 95 1997 Ι
131 1925 207 1991 Quid
223 1927 349 1995 superest
368 1923 403 1978 de
422 1923 601 1993 corporibusl
626 1923 686 1990 quis
707 1922 838 1991 membra,
851 1923 914 1992 quis
930 1940 994 1980 ossa

132 2001 264 2057 Invenitl
300 2001 442 2056 Obtritum
462 1999 537 2068 vulgi
557 1999 631 2069 perit
651 2015 731 2052 omne
749 1999 866 2054 cadaver
929 2033 931 2039 ·
955 2016 993 2055 aco
1043 2041 1044 2062 ,

131 2079 210 2133 More
228 2077 342 2134 animae.
379 2077 485 2132 Domus
504 2076 611 2130 interea
632 2091 727 2128 secura
746 2075 865 2144 patellas

130 2155 151 2210 J
153 2173 198 2210 am
216 2155 291 2210 lavat
311 2156 340 2208 et
360 2153 447 2208 bucca
465 2153 585 2208 foculum
606 2151 710 2206 excitet
728 2155 758 2206 et
776 2155 856 2208 sonat
875 2154 952 2208 unct'
1043 2171 1044 2218 l

131 2232 278 2301 striglibus
295 2234 325 2286 et
345 2231 426 2301 pleno
448 2230 586 2300 componit
606 2229 691 2282 lintea
708 2230 797 2296 gutte.
1043 2233 1044 2286 l

131 2308 210 2364 Haec
228 2309 300 2363 inter
318 2324 418 2378 pueros
437 2307 512 2362 varie
532 2307 732 2376 properantur:
756 2303 850 2359 atille

129 2385 196 2439 Jam
217 2383 296 2440 sedet
317 2383 347 2438 in
368 2384 429 2454 ripa
448 2386 607 2450 tetrumque
626 2379 746 2435 novicius
765 2379 861 2436 horret
954 2397 991 2438 aas

131 2461 286 2530 Porthmos,
305 2477 357 2515 nec
374 2463 468 2530 sperat
486 2459 594 2513 coenosi
613 2457 731 2526 gurgitis
750 2457 843 2512 alnum

81 2537 83 2544 '
130 2537 238 2606 Infelix,
257 2555 308 2593 nec
328 2536 413 2592 habet
430 2552 513 2606 quem
533 2534 658 2604 porrigat
677 2549 724 2587 ore
745 2533 883 2588 trientem.

165 2615 283 2686 Respice
301 2630 374 2669 nunc
393 2613 448 2667 alia
469 2629 500 2667 ac
521 2612 630 2666 diversa
649 2609 770 2680 pericula
790 2611 895 2668 noctis:

130 2689 212 2758 Quod
231 2691 350 2762 spatium
372 2689 454 2744 tectis
473 2686 643 2754 sublimibus,
664 2685 738 2740 unde
757 2685 901 2740 cerebrum
1043 2737 1044 2756 ,

129 2767 213 2824 Testa
230 2768 302 2835 ierit,
323 2766 432 2838 quoties
451 2764 552 2820 rimosa
572 2767 602 2818 et
623 2766 702 2817 curta
721 2761 847 2816 fenestris
953 2782 991 2824 ero
1043 2763 1044 2776 ¹

128 2844 205 2900 Vasa
224 2844 340 2908 cadunt3
360 2844 463 2911 quanto
483 2856 643 2910 percussum
661 2837 783 2908 pondere
801 2837 915 2906 signent

128 2921 167 2976 llt
185 2920 298 2976 laedant
316 2919 428 2976 silicem.
465 2917 556 2972 Possis
575 2917 688 2984 ignavus
706 2912 802 2968 haberi

128 2997 166 3052 llt
184 2995 269 3052 subiti
288 3013 369 3052 casus
385 2993 561 3066 improvidus,
582 2991 618 3046 ad
639 3005 750 3044 coenam
770 2988 795 3045 si

129 3073 285 3130 Intestatus
302 3089 357 3128 eas.
392 3071 474 3127 Adeo
492 3073 536 3126 tot
556 3069 616 3124 fata
636 3069 704 3136 quot
723 3065 771 3120 illa

128 3150 218 3206 Nocte
236 3147 334 3220 patent
354 3148 458 3216 vigiles,
480 3148 510 3201 te
530 3145 732 3216 praetereunte,
750 3142 894 3200 fenestrae
947 3157 987 3200 are

135 3223 203 3296 lngo
222 3227 303 3300 optes
322 3225 471 3296 uotumque
489 3221 564 3300 teras
583 3217 738 3278 miserabile
755 3222 856 3292 tecum,
