2164 3536
350 115 352 119 ’
415 121 549 172 SATIRA
566 123 649 174 XIII.
725 120 728 125 ’
928 127 958 176 sl

105 213 236 269 Praestat
254 214 284 269 ct
304 211 426 267 esuriens
446 212 559 266 Pisaeae
579 229 673 268 ramus
693 213 793 270 olivae!
821 212 827 220 ’
902 214 905 218 '

104 290 147 346 Ut
166 291 204 345 sit
223 305 324 358 magne
343 293 437 344 tamen
458 293 533 344 certe
553 289 629 344 lenta
648 289 690 344 ira
711 290 825 346 deorum
844 293 893 346 est
924 305 960 346 roo

104 367 135 421 Si
154 371 253 421 curant
271 365 357 434 igitur
376 368 489 420 cunctos
507 365 605 435 punire
624 371 762 435 nocentes,

103 443 221 510 Quando
241 442 278 498 ad
296 459 342 496 me
357 442 486 497 venienti
511 441 561 496 sed
580 445 610 496 et
628 443 767 498 exorabile
788 460 890 499 numen

103 517 234 574 Fortasse
253 518 396 588 expertem
415 518 486 573 solet
503 517 546 572 his
566 518 712 588 ignoscere.
746 519 833 575 Multi

103 595 289 651 Committunt
309 595 407 650 cadem
428 593 536 649 diverso
557 596 672 650 crimina
691 597 763 662 lator

104 673 158 728 Ille
178 690 287 728 crucem
306 672 417 727 sceleris
442 672 561 742 pretium
581 673 654 740 tulit,
674 672 719 727 hic
737 671 889 729 diadema”
922 688 959 728 roe
979 715 994 761 p

103 749 149 805 Sic
162 750 290 804 ‘animum
310 748 387 803 dirae
402 748 544 820 trepidum
561 749 707 804 formidine
723 751 819 820 culpae

104 825 281 881 Confirmant.
316 825 392 880 'lunc
409 829 439 881 te
459 825 592 880 sacraad
611 825 727 880 delubra
745 829 889 882 vocantem

102 901 257 971 Praecedit,
276 901 388 958 trahere
410 902 494 958 immo
512 902 586 957 ultro
607 919 639 958 ac
659 919 760 959 vexare
779 907 900 974 paratus.

101 979 175 1034 Nam
191 996 276 1050 quum
298 995 399 1048 magna
416 979 505 1034 malae
524 981 650 1050 superest
669 979 783 1036 audacia
801 996 907 1048 carnae,

102 1056 234 1112 Creditur
254 1073 271 1111 a
291 1055 385 1110 multis
405 1055 513 1110 fiducia
548 1055 665 1110 Mimum
681 1057 740 1126 egit
757 1056 811 1126 ille,
901 1069 957 1110 =rro

101 1133 208 1188 Urbani
227 1133 337 1204 qualem
357 1131 487 1202 fugitivus
508 1148 600 1187 scurra
617 1133 732 1188 Catulli:

101 1209 144 1263 Tu
161 1211 250 1286 miser!
262 1211 398 1265 exclamas
416 1212 449 1263 ut
470 1209 600 1264 Stentora
622 1209 731 1264 vincere
749 1208 845 1280 possis,
873 1239 875 1243 ·

101 1285 154 1352 Vel
173 1287 265 1357 potius
284 1291 417 1356 quantum
437 1285 575 1341 Gradivus
596 1284 773 1340 Homericus:
793 1284 912 1353 “Andis,

100 1363 241 1434 Iuppiter,
262 1363 329 1418 haec
345 1379 399 1418 neo
416 1362 494 1417 labra
511 1378 612 1431 mores,
631 1379 719 1432 quum.
731 1361 842 1418 mittere
860 1379 955 1418 rocem

100 1439 243 1495 Debueras
263 1439 307 1494 vel
327 1455 496 1494 marmoreus
516 1439 559 1493 vel
578 1439 695 1494 aeneusl
718 1441 767 1494 aut
785 1455 840 1494 cur·
919 1454 955 1493 ue

101 1516 137 1570 In
157 1515 275 1570 carbone
292 1520 342 1570 tuo
361 1516 520 1585 chantapia
539 1519 603 1571 tura
623 1515 712 1569 seluta

100 1593 231 1646 Poninrus
249 1595 277 1646 et
296 1597 401 1648 sectum
417 1593 496 1648 vituli
516 1591 598 1662 jecur
618 1591 734 1661 albaque
755 1589 832 1662 porci

100 1667 235 1725 Omcntal
255 1667 311 1725 'Ur
329 1669 416 1737 video,
435 1669 540 1723 nullum
558 1669 707 1736 discrimen
726 1667 885 1724 habendum
904 1671 950 1724 est

99 1745 209 1814 Effigies
227 1747 301 1802 inter
319 1750 424 1814 vestras
445 1749 621 1815 statuamque
633 1745 765 1814 Vagelli.'’

134 1823 238 1894 Accipe
258 1835 329 1892 quae
348 1827 443 1882 contra
462 1823 553 1878 valeat
572 1821 670 1878 solatia
687 1823 761 1877 ferre
917 1838 953 1878 reo

60 1959 64 1968 ¹
96 1899 199 1970 utqui
220 1917 270 1955 nec
291 1899 405 1969 Cynicos
422 1916 474 1954 nec
494 1899 586 1954 Stoica
603 1898 734 1968 dogmata
751 1899 821 1968 legit

96 1976 125 2030 A
145 1976 251 2044 Cynicis
271 1977 366 2031 tunica
385 1975 526 2044 distantia,
545 1991 598 2030 non
620 1975 768 2045 Epicurum

96 2052 216 2122 Suspicit
235 2053 327 2121 exigui
346 2053 450 2108 laetum
472 2052 641 2123 plantaribus
661 2051 743 2106 horti,

96 2129 236 2184 Curcntur
253 2129 330 2184 dubii
350 2129 464 2184 medicis
483 2127 633 2198 majoribus
653 2128 744 2196 aegri3

95 2203 138 2258 'lu
157 2221 254 2259 venam
274 2206 318 2260 vel
339 2205 473 2275 discipulo
493 2205 634 2260 committe
656 2203 782 2274 Plrilippi.
915 2219 952 2259 ras

95 2280 125 2335 Si
145 2281 250 2336 nullum
271 2281 402 2338 in'terris
422 2285 480 2337 tarn
501 2281 666 2336 detestabile
685 2281 789 2336 iactum

96 2357 226 2412 Ostendis
246 2361 341 2425 tace03
364 2375 416 2414 neo
435 2358 534 2428 pugnis
552 2357 667 2412 caedere
686 2360 784 2428 pectus

94 2435 134 2491 'l'e
152 2439 223 2504 veto,
243 2453 294 2491 nec
312 2436 394 2505 plana
413 2435 511 2490 faciem
532 2435 702 2490 contundere
718 2435 817 2504 palma,

93 2512 322 2582 Quandoquidem
342 2517 455 2584 accepto
472 2511 626 2567 claudenda
644 2514 688 2566 est
703 2511 791 2580 janua
806 2510 914 2580 damno,

93 2589 131 2644 Et
149 2589 253 2660 majore
274 2586 373 2644 domus
389 2589 502 2658 gemitu,
522 2587 626 2656 majore
646 2588 766 2643 tumultu
913 2603 952 2644 rec

93 2664 266 2735 Plangnntur
285 2665 389 2721 nummi
408 2681 491 2736 quam
511 2665 615 2723 funcra.
650 2665 739 2719 Nemo
757 2663 879 2723 dolorem

93 2741 187 2810 Fingit
204 2743 234 2796 in
250 2742 302 2798 hoc
323 2759 394 2810 casn,
413 2745 521 2798 vestem
539 2741 671 2796 diducere
689 2757 823 2796 summam
923 2741 1017 2824 sj'z‘

93 2817 252 2888 Contentus,
272 2835 372 2874 vexare
391 2820 484 2874 oculos
502 2817 617 2873 humore
636 2821 739 2872 coacto.
895 2805 969 2871 Ν

93 2892 222 2950 Ploratur
238 2895 357 2950 lacrimis
376 2896 478 2951 amissa
495 2893 610 2967 pecnnia
627 2893 706 2948 veris.
849 2893 850 2898 ’

92 2969 149 3026 Sed
166 2972 188 3028 si
205 2976 304 3028 cuncta
320 2973 398 3028 sides
417 2973 498 3027 simili
516 2972 576 3026 fora
595 2971 677 3042 plena
696 2969 818 3040 querela,
911 2985 947 3026 rso

91 3047 121 3110 si
138 3047 229 3104 decies
248 3049 327 3104 lectis
346 3048 455 3104 diversa
471 3052 552 3119 parte
569 3047 679 3104 tabellis

91 3125 171 3180 Vana·
182 3125 347 3196 'supervacui
365 3125 461 3181 dicunt
478 3125 657 3195 chirographa
674 3123 748 3195 ligni,
817 3141 820 3147 ·

91 3203 194 3273 Arguit
212 3202 333 3272 ipsorum
351 3217 419 3272 quos
435 3202 529 3258 littera
545 3217 709 3273 gemmaque
726 3201 853 3272 princeps

159 3293 223 3336 ΗΠ.
781 3284 788 3298 '
857 3291 875 3332 C
