2134 3536
417 134 552 184 SATIRA
568 135 618 187 IV.
912 137 940 183 21

89 225 240 296 Pompeius
258 224 335 281 tenui
349 223 461 294 jugulos
480 225 586 294 aperire
604 242 729 295 susurro;
908 233 942 277 no

89 303 130 358 ut
149 302 198 372 qui
217 301 371 357 vulturibus
389 302 517 357 servabat
535 302 640 356 viscera
658 303 740 358 Dacis

89 379 205 447 Fuscus,
225 396 378 436 marmorea
396 380 544 435 meditatus
562 379 665 448 proelia
682 379 763 446 villa3

89 458 129 511 Fit
149 473 211 510 cum
230 455 371 511 mortifero
391 457 512 526 prudens
531 456 648 510 Veiento
669 455 784 524 Oatullo,

90 533 147 598 Qui
165 549 304 600 nunquam
324 533 399 587 visae
417 533 553 602 flagrabat
572 549 665 587 amore
683 532 798 601 puellae,

90 609 205 665 Grande
228 612 258 663 et
277 609 452 678 conspicuum
475 613 569 664 nostro
589 625 697 678 quoque
719 613 845 676 tempore
866 626 942 664 mon-

159 691 262 752 strum3
907 701 942 739 11⁵

90 764 204 832 Caecus,
225 762 359 832 adulator,
379 762 509 832 dirusque
530 767 649 834 apoute
668 763 785 830 satelles,

90 841 200 909 Dignus
220 840 346 895 Aricinos
366 839 414 911 qui
432 839 602 896 mendicaret
621 840 658 894 ad
674 857 748 910 axes,

91 917 255 987 Blandaque
275 916 397 972 devexae
411 916 533 986 jactaret
552 917 628 971 basia
646 917 756 972 rhedae.

91 994 183 1047 Nemo
200 994 288 1062 magia
305 993 450 1048 rhombum
469 995 589 1062 stupuit:
614 1011 678 1048 nam
696 994 813 1063 plurima
837 993 909 1048 dixit

92 1070 128 1122 ln
147 1069 255 1124 laevum
274 1086 426 1138 conversus,
446 1074 476 1124 at
493 1070 533 1124 illi
553 1070 653 1125 dextra
667 1069 780 1138 jacebat
907 1085 943 1124 mo

92 1146 196 1202 Bellua
233 1147 279 1202 Sic
298 1164 403 1216 pugnas
424 1147 515 1202 Cilicis
533 1147 664 1202 laudabat
685 1151 715 1201 et
739 1148 810 1203 ictus

91 1224 131 1278 Et
150 1241 250 1294 pegma
269 1229 298 1280 et
317 1242 416 1295 pueros
434 1224 499 1278 inde
519 1224 556 1278 ad
574 1224 674 1278 velaria
693 1229 793 1294 raptos

92 1300 157 1353 Non
178 1299 252 1355 cedit
270 1300 395 1371 Veiento,
416 1301 467 1356 sed
485 1305 518 1357 ut
532 1301 666 1356 fanaticus
687 1305 777 1355 oestro

92 1377 249 1443 Percussus,
271 1379 391 1447 Bellona,
409 1383 464 1444 tuo,
484 1378 589 1433 divinat
610 1381 639 1433 et
659 1377 782 1448 “Ingens

92 1453 182 1508 Omen
200 1453 307 1521 habes,''
326 1455 423 1524 inquit,
445 1455 555 1524 “magni
574 1455 696 1524 clarique
714 1454 858 1524 triumphi:
908 1469 944 1506 125

93 1531 199 1599 Regem
220 1531 339 1601 aliquem
358 1533 457 1602 capies,
478 1537 526 1587 ant
545 1532 581 1587 de
601 1537 710 1588 temone
730 1531 863 1586 Britanno

92 1599 210 1655 Excidet
231 1601 395 1670 Aruiragus:
413 1602 559 1670 peregriua
577 1607 620 1658 est
639 1602 745 1667 bellua;
764 1602 851 1655 cernis
872 1645 877 1654 .

92 1676 208 1731 Erectus
226 1678 255 1731 in
273 1682 353 1746 terga
372 1679 490 1734 sudesl''
526 1679 588 1734 Hoc
607 1679 696 1734 deluit
714 1694 798 1732 unum

93 1751 219 1807 Fabricio
237 1755 356 1824 patriam
375 1760 408 1810 ut
427 1754 535 1810 rhombi
553 1759 717 1810 memoraret
735 1758 765 1810 et
783 1770 874 1809 annos.

93 1828 254 1894 “Quidnam
280 1831 365 1899 igitur
395 1832 505 1886 censesl
537 1832 725 1888 conciditnrl''
774 1831 880 1886 “Absit
908 1831 945 1885 ab

161 1904 207 1960 illo
908 1922 944 1962 rao

93 1982 220 2037 Dedecus
240 1983 316 2053 hcc‚’'
337 1985 485 2040 Montanus
503 1983 557 2039 ait:
581 1985 675 2040 “testa
693 1985 749 2040 alta
767 1988 890 2055 peretur,

94 2059 171 2124 Quae
186 2061 264 2116 tenui
283 2079 362 2115 muro
383 2061 532 2131 spatiosum
552 2061 662 2130 colligat
683 2061 784 2115 orbem.

94 2135 217 2192 Debetur
234 2154 348 2207 magnus
365 2137 476 2208 patinae
494 2137 655 2206 subitusque
674 2137 860 2192 Prometheus.

95 2213 228 2280 Argillam
246 2219 330 2284 atque
348 2219 438 2269 rotam
457 2214 537 2268 citius
554 2219 712 2284 properate:
738 2213 787 2268 sed
804 2231 838 2268 ex
856 2213 908 2269 hoc

94 2287 228 2360 Tempore
240 2291 310 2360 jam,
324 2291 431 2359 Caesar,
444 2291 520 2359 figuli
531 2294 581 2345 tua
592 2295 682 2345 castra
693 2290 866 2360 sequautur.”
909 2303 943 2343 rae

94 2365 167 2422 Vicit
186 2367 269 2436 digna
287 2367 346 2422 viro
366 2368 514 2422 sententia:
539 2371 653 2422 noverat
672 2367 718 2421 ille

95 2441 243 2497 Luxuriam
260 2445 367 2514 imperii
385 2448 507 2499 veterem
527 2448 676 2513 noctesque
694 2444 720 2498 N
722 2443 811 2498 aronis

95 2521 159 2576 Jam
176 2521 280 2576 medias
298 2522 434 2591 aliamque
451 2521 560 2591 famem,
579 2539 661 2592 quum
680 2519 772 2590 pulmo
791 2519 907 2575 Falerno

96 2598 224 2653 Ardoret.
259 2598 336 2652 Nulli
353 2599 443 2668 major
460 2599 513 2654 luit
530 2615 594 2653 usas
613 2597 713 2652 edendi

95 2673 269 2744 'lempestate
286 2691 354 2730 mea
392 2675 494 2730 Circeis
511 2679 577 2730 nata
592 2677 684 2729 forent
700 2690 735 2728 an
908 2687 943 2726 uo

96 2750 241 2805 Lucrinum
259 2752 295 2806 ad
313 2769 416 2818 sarum,
436 2752 611 2822 Rutupinove
628 2751 703 2806 edita
719 2749 805 2804 fundo

96 2826 199 2896 Ostrea,
217 2828 334 2884 callebat
350 2829 438 2898 primo
456 2828 626 2898 deprendere
642 2843 750 2894 morsn3

96 2903 132 2958 Et
148 2904 231 2958 semel
249 2904 353 2974 aspecti
370 2905 448 2960 littus
466 2905 576 2960 dicebat
593 2903 687 2958 echini

97 2978 228 3048 Surgitur,
246 2984 276 3035 et
293 2981 375 3034 misso
392 2997 520 3051 proceres
537 2979 614 3036 exire
626 2979 761 3048 jubentur

98 3055 218 3124 Consilio,
236 3073 304 3126 quos
324 3057 460 3112 Albanam
478 3057 534 3111 dux
552 3073 667 3126 magnus
683 3058 712 3111 in
729 3069 819 3113 arcem
907 3071 942 3109 145

98 3132 227 3188 Traxerat
244 3135 377 3188 attonitos
395 3137 425 3189 et
441 3134 572 3188 festinare
590 3138 706 3201 coactos,

99 3207 233 3278 Tanquam
250 3209 286 3265 de
304 3209 393 3265 Cattis
410 3209 516 3280 aliquid
532 3210 673 3279 torvisque
690 3207 839 3278 Sigambris
