2164 3536
346 115 700 182 'sinimv1iv111..
928 131 961 182 ca

99 217 208 274 Sedisti
225 221 280 287 qu'a
298 233 379 272 nemo
397 215 483 284 faber,
502 235 558 288 qua
575 233 657 272 nemo
675 216 786 274 sederet

98 294 158 360 Qui
177 295 259 349 docet
276 293 387 364 obliquo
403 293 495 348 lanam
512 293 649 349 deducere
665 294 752 360 ferro;

98 369 260 426 Dummodo
278 387 333 424 non
351 374 449 440 pereat
467 370 584 426 totidem
601 367 726 426 olfecisse
743 371 869 426 lucernas
921 385 958 428 aas

99 446 179 512 Quot
196 446 309 502 stabant
326 447 413 516 pueri,
432 463 518 516 quum
535 450 612 502 totus
630 446 833 503 decolorasset

98 522 219 579 Flaccus
238 527 268 579 et
285 523 413 578 haereret
430 523 509 593 nigro
527 523 612 592 fuligo
630 523 745 578 Maroni.

99 600 181 655 Rara
197 605 290 656 tamen
307 615 412 654 merces
430 617 500 670 quae
517 600 671 668 cognitione
688 597 792 653 tribuni

99 677 129 734 N
131 693 168 732 on
186 681 276 746 egeat.
310 677 366 732 Sed
384 693 432 732 vos
450 693 544 732 saevas
562 676 695 746 imponite
713 675 796 744 leges,

98 753 144 809 Ut
162 754 334 825 praeceptori
350 753 495 827 verborum
511 753 607 822 regula
624 754 739 822 constet,
921 767 957 809 aaa

99 830 144 884 Ut
162 830 236 900 legat
252 831 386 900 historiae,
404 833 530 885 auctores
545 829 652 884 noverit
669 844 762 883 omnes

100 907 245 977 Tanquam
261 924 366 977 ungues
384 907 541 977 digitosque
558 921 636 973 enos3
658 908 691 960 ut
707 905 779 960 forte
795 907 914 975 rogatus
998 970 1000 974 Ι

100 980 178 1037 Dum
195 985 267 1053 petit
284 988 333 1039 aut
349 985 472 1040 thermas
489 989 548 1039 aut·
557 983 662 1039 Phoebi
678 981 783 1051 balnea,
801 981 877 1038 dicat

100 1060 248 1115 Nutricem
259 1061 410 1130 ¹Anchisae,
428 1078 527 1116 nomen
544 1061 716 1130 patriamque
732 1075 866 1116 novercae

102 1135 282 1204 Archemori;
305 1137 465 1207 dicatquot
483 1137 600 1191 Acestes
617 1136 716 1190 vixerit
732 1151 827 1205 annos,
920 1149 957 1191 aab

102 1211 178 1278 Quot
194 1213 299 1268 Siculus
316 1213 470 1283 Phrygibus
487 1213 543 1267 vini
560 1213 704 1267 donaverit
720 1228 810 1267 urnas.

101 1287 214 1358 leigIte
230 1294 263 1346 ut
280 1306 370 1344 mores
386 1293 495 1344 teneros
512 1304 563 1343 ceu
579 1287 676 1356 pollice
694 1287 783 1357 ducat,

101 1361 145 1420 Ut
163 1367 187 1421 si
206 1368 267 1437 quis
285 1383 349 1421 cera
367 1366 473 1421 vultum
491 1365 573 1432 iacit;
596 1365 700 1434 exigIte
717 1364 805 1420 nteit

102 1442 142 1497 Et
160 1445 241 1513 pater
259 1443 345 1513 ipsius
363 1446 465 1510 coetus,
484 1459 519 1496 ne
537 1441 630 1512 turpia
647 1441 751 1510 ludant,

102 1518 130 1572 N
131 1535 148 1573 e
159 1519 261 1574 faciant
273 1519 384 1574 vicibus.
419 1519 434 1546 “
439 1519 465 1572 N
467 1535 502 1573 on
514 1522 557 1574 est
568 1518 628 1574 leve
639 1520 684 1572 tot
694 1533 842 1588 puerorum
919 1533 956 1574 alo

102 1593 258 1650 Observare
274 1611 370 1650 manus
388 1595 535 1665 oculosque
551 1595 580 1649 iu
597 1595 652 1649 line
669 1594 843 1650 trementes.”

103 1671 225 1739 “Haeess’
238 1672 335 1742 inquit,
351 1674 448 1726 “cures
466 1676 497 1727 et
515 1686 600 1742 quum
618 1688 649 1726 re
667 1671 781 1727 verterit
798 1686 894 1741 annus,

104 1747 208 1820 Accipe
225 1748 321 1805 victori
338 1749 454 1820 populus
472 1749 548 1819 quod
564 1748 687 1819 postulat
702 1749 822 1804 aurum.''

402 2077 546 2134 saman
572 2078 657 2134 VIII.

103 2195 261 2252 Sannum
278 2191 346 2262 quid
362 2193 483 2251 faciunti
508 2196 575 2265 quid
592 2197 713 2267 prodest,
732 2198 854 2268 Pontice,
873 2199 954 2270 longo

102 2276 238 2345 Sanguine
256 2274 361 2330 censeri
378 2273 523 2344 pictosque
540 2273 687 2327 ostendere
704 2274 797 2329 vultus

102 2351 246 2422 Majorum,
264 2355 294 2406 et
311 2353 415 2406 stantes
432 2349 460 2402 in
478 2348 602 2403 curribus
621 2349 795 2417 Aemilianos,

103 2428 140 2484 Et
157 2428 252 2484 Ourios
266 2427 326 2498 jam
345 2425 479 2494 dimidios,
497 2423 665 2494 humeroque
682 2426 815 2481 minorem

103 2503 258 2575 (lor-vinum,
277 2510 307 2561 et
325 2503 441 2560 Galbam
459 2501 587 2558 auriculis
606 2519 728 2574 nasoque
746 2505 903 2560 carentemi
948 2524 961 2564 a

104 2582 169 2648 Quis
185 2584 289 2638 hermus
306 2579 414 2652 generis
431 2579 525 2635 tabula
537 2578 645 2648 jactare
661 2581 756 2651 capaci

87 2655 92 2664 ’
106 2659 254 2728 Corvinum,
272 2659 386 2730 posthac
404 2657 491 2712 multa
508 2656 666 2726 contingere
682 2658 759 2727 virga

106 2733 234 2789 llumosos
251 2736 383 2805 Equitum
400 2751 462 2788 cum
481 2733 623 2788 Dictatore
639 2733 791 2802 magisnec,

105 2809 134 2864 Si
150 2826 241 2866 ceram
258 2812 370 2882 Lepidis
387 2812 458 2866 male
476 2811 594 2866 vivituri
616 2811 720 2880 effigIes
736 2827 791 2880 quo

105 2883 155 2940 'lot
171 2885 341 2956 bellatorum,
358 2889 382 2942 si
399 2886 504 2941 luditur
520 2886 581 2942 alea
597 2903 701 2958 pernox
928 2898 953 2946 ic

105 2964 179 3018 Ante
196 2963 223 3018 N
224 2965 391 3030 umantinos3
409 2964 433 3018 si
451 2963 572 3018 dormire
588 2964 684 3034 incipis
701 2965 765 3020 ortu

105 3038 227 3108 Luciferi,
245 3056 299 3110 quo
316 3041 393 3109 signa
410 3041 493 3095 duces
511 3043 542 3096 et
558 3044 649 3095 castra
666 3038 830 3100 movebantl

105 3114 158 3171 dur
172 3115 357 3185 Allobrogicis
374 3119 404 3170 et
420 3133 520 3185 magna
536 3115 656 3184 gaudeat
671 3132 720 3171 ara

104 3191 190 3248 Natus
205 3191 236 3248 ln
252 3191 392 3248 Herculeo
407 3191 510 3250 Fabius
527 3191 606 3262 hare,
623 3191 647 3247 si
664 3191 787 3264 cupidus,
804 3191 829 3249 ei
989 3255 994 3268 ⁸

167 3283 228 3328 ΠΝ.
428 3280 430 3290 ’
862 3284 882 3326 Ι
