<?xml version="1.0" encoding="UTF-8"?>
<!DOCTYPE html PUBLIC "-//W3C//DTD XHTML 1.0 Transitional//EN"
    "http://www.w3.org/TR/xhtml1/DTD/xhtml1-transitional.dtd">
<html xmlns="http://www.w3.org/1999/xhtml" xml:lang="en" lang="en">
 <head>
  <title>
</title>
<meta http-equiv="Content-Type" content="text/html;charset=utf-8" />
  <meta name='ocr-system' content='tesseract 3.04.00' />
  <meta name='ocr-capabilities' content='ocr_page ocr_carea ocr_par ocr_line ocrx_word'/>
</head>
<body>
  <div class='ocr_page' id='page_1' title='image "./deciijuniijuven01persgoog_0148.png"; bbox 0 0 2164 3536; ppageno 0'>
   <div class='ocr_carea' id='block_1_1' title="bbox 361 59 981 116">
    <p class='ocr_par' dir='ltr' id='par_1_1' title="bbox 361 59 981 116">
     <span class='ocr_line' id='line_1_1' title="bbox 361 59 981 116; baseline 0.008 -6"><span class='ocrx_word' id='word_1_1' title='bbox 361 76 362 80; x_wconf 51' lang='lat'>¹</span> <span class='ocrx_word' id='word_1_2' title='bbox 450 62 586 112; x_wconf 78' lang='lat' dir='ltr'>SATIRA</span> <span class='ocrx_word' id='word_1_3' title='bbox 603 59 653 110; x_wconf 78' lang='lat' dir='ltr'><strong>xl.</strong></span> <span class='ocrx_word' id='word_1_4' title='bbox 949 65 981 116; x_wconf 82' lang='grc'><strong>69</strong></span> 
     </span>
    </p>
   </div>
   <div class='ocr_carea' id='block_1_2' title="bbox 121 149 992 1530">
    <p class='ocr_par' dir='ltr' id='par_1_2' title="bbox 123 149 915 224">
     <span class='ocr_line' id='line_1_2' title="bbox 123 149 915 224; baseline -0.004 -13"><span class='ocrx_word' id='word_1_5' title='bbox 123 156 187 212; x_wconf 86' lang='lat' dir='ltr'><strong>Non</strong></span> <span class='ocrx_word' id='word_1_6' title='bbox 204 153 257 210; x_wconf 80' lang='lat' dir='ltr'><strong>uisi</strong></span> <span class='ocrx_word' id='word_1_7' title='bbox 275 153 398 224; x_wconf 84' lang='lat' dir='ltr'><strong>legitime</strong></span> <span class='ocrx_word' id='word_1_8' title='bbox 414 151 474 208; x_wconf 85' lang='lat' dir='ltr'><strong>vult</strong></span> <span class='ocrx_word' id='word_1_9' title='bbox 492 152 603 206; x_wconf 88' lang='lat' dir='ltr'><strong>nubere.</strong></span> <span class='ocrx_word' id='word_1_10' title='bbox 640 149 714 218; x_wconf 83' lang='lat' dir='ltr'><strong>Quid</strong></span> <span class='ocrx_word' id='word_1_11' title='bbox 731 149 839 220; x_wconf 89' lang='lat' dir='ltr'><strong>placeat</strong></span> <span class='ocrx_word' id='word_1_12' title='bbox 857 149 915 210; x_wconf 87' lang='lat' dir='ltr'><strong>die:</strong></span> 
     </span>
    </p>

    <p class='ocr_par' dir='ltr' id='par_1_3' title="bbox 121 227 863 302">
     <span class='ocr_line' id='line_1_3' title="bbox 121 227 863 302; baseline -0.004 -15"><span class='ocrx_word' id='word_1_13' title='bbox 121 232 160 287; x_wconf 88' lang='lat' dir='ltr'><strong>Ni</strong></span> <span class='ocrx_word' id='word_1_14' title='bbox 177 248 276 302; x_wconf 87' lang='lat' dir='ltr'><strong>parere</strong></span> <span class='ocrx_word' id='word_1_15' title='bbox 294 230 362 295; x_wconf 87' lang='lat' dir='ltr'><strong>velis</strong></span> <span class='ocrx_word' id='word_1_16' title='bbox 381 228 551 300; x_wconf 88' lang='lat' dir='ltr'><strong>pereundum</strong></span> <span class='ocrx_word' id='word_1_17' title='bbox 568 229 623 284; x_wconf 90' lang='lat' dir='ltr'><strong>erit</strong></span> <span class='ocrx_word' id='word_1_18' title='bbox 641 231 705 284; x_wconf 85' lang='lat' dir='ltr'><strong>ante</strong></span> <span class='ocrx_word' id='word_1_19' title='bbox 724 227 863 284; x_wconf 82' lang='lat' dir='ltr'><strong>hueeruas:</strong></span> 
     </span>
    </p>

    <p class='ocr_par' dir='ltr' id='par_1_4' title="bbox 121 303 982 374">
     <span class='ocr_line' id='line_1_4' title="bbox 121 303 982 374; baseline -0.002 -10"><span class='ocrx_word' id='word_1_20' title='bbox 121 309 152 364; x_wconf 80' lang='lat' dir='ltr'><strong>Si</strong></span> <span class='ocrx_word' id='word_1_21' title='bbox 168 308 256 364; x_wconf 85' lang='lat' dir='ltr'><strong>scelus</strong></span> <span class='ocrx_word' id='word_1_22' title='bbox 273 307 404 361; x_wconf 88' lang='lat' dir='ltr'><strong>admittas</strong></span> <span class='ocrx_word' id='word_1_23' title='bbox 420 306 531 360; x_wconf 87' lang='lat' dir='ltr'><strong>dabitur</strong></span> <span class='ocrx_word' id='word_1_24' title='bbox 548 321 626 360; x_wconf 86' lang='lat' dir='ltr'><strong>mora</strong></span> <span class='ocrx_word' id='word_1_25' title='bbox 642 303 765 374; x_wconf 79' lang='lat' dir='ltr'><strong>parvula,</strong></span> <span class='ocrx_word' id='word_1_26' title='bbox 782 304 848 358; x_wconf 92' lang='lat' dir='ltr'><strong>dum</strong></span> <span class='ocrx_word' id='word_1_27' title='bbox 865 321 911 361; x_wconf 87' lang='lat' dir='ltr'><strong>res</strong></span> <span class='ocrx_word' id='word_1_28' title='bbox 945 321 982 362; x_wconf 78' lang='lat'><strong>³40</strong></span> 
     </span>
    </p>

    <p class='ocr_par' dir='ltr' id='par_1_5' title="bbox 122 381 977 454">
     <span class='ocr_line' id='line_1_5' title="bbox 122 381 977 454; baseline -0.005 -14"><span class='ocrx_word' id='word_1_29' title='bbox 122 385 199 440; x_wconf 88' lang='lat' dir='ltr'><strong>Nota</strong></span> <span class='ocrx_word' id='word_1_30' title='bbox 216 384 287 440; x_wconf 88' lang='lat' dir='ltr'><strong>Urbi</strong></span> <span class='ocrx_word' id='word_1_31' title='bbox 304 387 335 439; x_wconf 89' lang='lat' dir='ltr'><strong>et</strong></span> <span class='ocrx_word' id='word_1_32' title='bbox 351 383 452 454; x_wconf 84' lang='lat' dir='ltr'><strong>papule</strong></span> <span class='ocrx_word' id='word_1_33' title='bbox 470 383 612 450; x_wconf 81' lang='lat' dir='ltr'><strong>contingat</strong></span> <span class='ocrx_word' id='word_1_34' title='bbox 630 381 766 452; x_wconf 87' lang='lat' dir='ltr'><strong>Principis</strong></span> <span class='ocrx_word' id='word_1_35' title='bbox 783 397 872 438; x_wconf 87' lang='lat' dir='ltr'><strong>aures.</strong></span> <span class='ocrx_word' id='word_1_36' title='bbox 974 437 977 446; x_wconf 78' lang='grc'><strong>,</strong></span> 
     </span>
    </p>

    <p class='ocr_par' dir='ltr' id='par_1_6' title="bbox 122 463 844 521">
     <span class='ocr_line' id='line_1_6' title="bbox 122 463 844 521; baseline -0.001 0"><span class='ocrx_word' id='word_1_37' title='bbox 122 465 251 521; x_wconf 82' lang='lat' dir='ltr'><strong>Dedecus</strong></span> <span class='ocrx_word' id='word_1_38' title='bbox 269 465 315 518; x_wconf 90' lang='lat' dir='ltr'><strong>ille</strong></span> <span class='ocrx_word' id='word_1_39' title='bbox 333 464 431 518; x_wconf 85' lang='lat' dir='ltr'><strong>domus</strong></span> <span class='ocrx_word' id='word_1_40' title='bbox 449 463 518 518; x_wconf 89' lang='lat' dir='ltr'><strong>sciet</strong></span> <span class='ocrx_word' id='word_1_41' title='bbox 535 463 661 517; x_wconf 90' lang='lat' dir='ltr'><strong>ultimus:</strong></span> <span class='ocrx_word' id='word_1_42' title='bbox 685 463 793 518; x_wconf 83' lang='lat' dir='ltr'><strong>interea</strong></span> <span class='ocrx_word' id='word_1_43' title='bbox 811 465 844 520; x_wconf 85' lang='lat' dir='ltr'><strong>tu</strong></span> 
     </span>
    </p>

    <p class='ocr_par' dir='ltr' id='par_1_7' title="bbox 123 539 894 612">
     <span class='ocr_line' id='line_1_7' title="bbox 123 539 894 612; baseline -0.004 -16"><span class='ocrx_word' id='word_1_44' title='bbox 123 541 284 612; x_wconf 77' lang='lat' dir='ltr'><strong>Obsequere</strong></span> <span class='ocrx_word' id='word_1_45' title='bbox 302 542 433 611; x_wconf 90' lang='lat' dir='ltr'><strong>imperi0;</strong></span> <span class='ocrx_word' id='word_1_46' title='bbox 456 541 493 595; x_wconf 88' lang='lat' dir='ltr'><strong>sit</strong></span> <span class='ocrx_word' id='word_1_47' title='bbox 510 540 582 596; x_wconf 87' lang='lat' dir='ltr'><strong>tanti</strong></span> <span class='ocrx_word' id='word_1_48' title='bbox 601 540 659 594; x_wconf 84' lang='lat' dir='ltr'><strong>vita</strong></span> <span class='ocrx_word' id='word_1_49' title='bbox 677 539 785 594; x_wconf 89' lang='lat' dir='ltr'><strong>dierum</strong></span> <span class='ocrx_word' id='word_1_50' title='bbox 891 548 894 556; x_wconf 89' lang='grc'><strong><em>·</em></strong></span> 
     </span>
    </p>

    <p class='ocr_par' dir='ltr' id='par_1_8' title="bbox 123 617 866 688">
     <span class='ocr_line' id='line_1_8' title="bbox 123 617 866 688; baseline -0.003 -14"><span class='ocrx_word' id='word_1_51' title='bbox 123 619 286 674; x_wconf 82' lang='lat' dir='ltr'><strong>Paucorum.</strong></span> <span class='ocrx_word' id='word_1_52' title='bbox 323 619 463 688; x_wconf 83' lang='lat' dir='ltr'><strong>Quidquid</strong></span> <span class='ocrx_word' id='word_1_53' title='bbox 480 619 578 672; x_wconf 90' lang='lat' dir='ltr'><strong>melius</strong></span> <span class='ocrx_word' id='word_1_54' title='bbox 595 617 735 686; x_wconf 89' lang='lat' dir='ltr'><strong>leviusque</strong></span> <span class='ocrx_word' id='word_1_55' title='bbox 753 617 866 686; x_wconf 87' lang='lat' dir='ltr'><strong>putaris,</strong></span> 
     </span>
    </p>

    <p class='ocr_par' dir='ltr' id='par_1_9' title="bbox 123 692 992 842">
     <span class='ocr_line' id='line_1_9' title="bbox 123 692 992 766; baseline 0.002 -16"><span class='ocrx_word' id='word_1_56' title='bbox 123 694 288 750; x_wconf 88' lang='lat' dir='ltr'><strong>Praebenda</strong></span> <span class='ocrx_word' id='word_1_57' title='bbox 300 699 343 751; x_wconf 88' lang='lat' dir='ltr'><strong>est</strong></span> <span class='ocrx_word' id='word_1_58' title='bbox 354 696 445 765; x_wconf 79' lang='lat' dir='ltr'><strong>gladio</strong></span> <span class='ocrx_word' id='word_1_59' title='bbox 457 692 552 766; x_wconf 83' lang='lat' dir='ltr'><strong>pulcra</strong></span> <span class='ocrx_word' id='word_1_60' title='bbox 563 694 632 748; x_wconf 79' lang='lat' dir='ltr'><strong>haec</strong></span> <span class='ocrx_word' id='word_1_61' title='bbox 644 698 673 748; x_wconf 88' lang='lat' dir='ltr'><strong>at</strong></span> <span class='ocrx_word' id='word_1_62' title='bbox 685 693 802 750; x_wconf 82' lang='lat' dir='ltr'><strong>candida</strong></span> <span class='ocrx_word' id='word_1_63' title='bbox 814 695 913 752; x_wconf 81' lang='lat' dir='ltr'><strong>cervix.</strong></span> <span class='ocrx_word' id='word_1_64' title='bbox 945 711 992 752; x_wconf 81' lang='lat'>315.</span> 
     </span>
     <span class='ocr_line' id='line_1_10' title="bbox 157 770 895 842; baseline 0 -16"><span class='ocrx_word' id='word_1_65' title='bbox 157 771 205 826; x_wconf 90' lang='lat' dir='ltr'><strong>Nil</strong></span> <span class='ocrx_word' id='word_1_66' title='bbox 225 789 290 840; x_wconf 83' lang='lat' dir='ltr'><strong>ergo</strong></span> <span class='ocrx_word' id='word_1_67' title='bbox 310 771 445 842; x_wconf 84' lang='lat' dir='ltr'><strong>optabunt</strong></span> <span class='ocrx_word' id='word_1_68' title='bbox 463 771 603 826; x_wconf 79' lang='lat' dir='ltr'><strong>ho&#39;miuesl</strong></span> <span class='ocrx_word' id='word_1_69' title='bbox 639 771 669 826; x_wconf 83' lang='lat' dir='ltr'><strong>Si</strong></span> <span class='ocrx_word' id='word_1_70' title='bbox 687 770 829 825; x_wconf 89' lang='lat' dir='ltr'><strong>consilium</strong></span> <span class='ocrx_word' id='word_1_71' title='bbox 847 772 895 840; x_wconf 82' lang='lat' dir='ltr'><strong>vis,</strong></span> 
     </span>
    </p>

    <p class='ocr_par' dir='ltr' id='par_1_10' title="bbox 122 848 791 920">
     <span class='ocr_line' id='line_1_11' title="bbox 122 848 791 920; baseline 0 -15"><span class='ocrx_word' id='word_1_72' title='bbox 122 849 273 905; x_wconf 89' lang='lat' dir='ltr'><strong>Permittes</strong></span> <span class='ocrx_word' id='word_1_73' title='bbox 289 849 355 920; x_wconf 91' lang='lat' dir='ltr'><strong>ipsis</strong></span> <span class='ocrx_word' id='word_1_74' title='bbox 373 848 529 919; x_wconf 85' lang='lat' dir='ltr'><strong>expendere</strong></span> <span class='ocrx_word' id='word_1_75' title='bbox 546 849 705 903; x_wconf 81' lang='lat' dir='ltr'><strong>numinibus</strong></span> <span class='ocrx_word' id='word_1_76' title='bbox 723 848 791 917; x_wconf 86' lang='lat' dir='ltr'><strong>quid</strong></span> 
     </span>
    </p>

    <p class='ocr_par' dir='ltr' id='par_1_11' title="bbox 122 915 905 996">
     <span class='ocr_line' id='line_1_12' title="bbox 122 915 905 996; baseline 0 -16"><span class='ocrx_word' id='word_1_77' title='bbox 122 926 276 981; x_wconf 76' lang='lat' dir='ltr'><strong>Conveniat</strong></span> <span class='ocrx_word' id='word_1_78' title='bbox 292 927 371 981; x_wconf 86' lang='lat' dir='ltr'><strong>nobis</strong></span> <span class='ocrx_word' id='word_1_79' title='bbox 388 925 525 996; x_wconf 78' lang='lat' dir='ltr'><strong>rebusque</strong></span> <span class='ocrx_word' id='word_1_80' title='bbox 542 926 579 980; x_wconf 92' lang='lat' dir='ltr'><strong>sit</strong></span> <span class='ocrx_word' id='word_1_81' title='bbox 596 926 665 980; x_wconf 90' lang='lat' dir='ltr'><strong>utile</strong></span> <span class='ocrx_word' id='word_1_82' title='bbox 682 925 792 980; x_wconf 82' lang='lat' dir='ltr'><strong>nostris.</strong></span> <span class='ocrx_word' id='word_1_83' title='bbox 894 915 905 942; x_wconf 78' lang='lat'>⁸</span> 
     </span>
    </p>

    <p class='ocr_par' dir='ltr' id='par_1_12' title="bbox 122 1001 892 1073">
     <span class='ocr_line' id='line_1_13' title="bbox 122 1001 892 1073; baseline 0.003 -17"><span class='ocrx_word' id='word_1_84' title='bbox 122 1001 196 1056; x_wconf 85' lang='lat' dir='ltr'><strong>Nam</strong></span> <span class='ocrx_word' id='word_1_85' title='bbox 212 1020 264 1073; x_wconf 88' lang='lat' dir='ltr'><strong>pro</strong></span> <span class='ocrx_word' id='word_1_86' title='bbox 280 1003 411 1072; x_wconf 89' lang='lat' dir='ltr'><strong>jucundis</strong></span> <span class='ocrx_word' id='word_1_87' title='bbox 429 1003 572 1073; x_wconf 88' lang='lat' dir='ltr'><strong>aptissima</strong></span> <span class='ocrx_word' id='word_1_88' title='bbox 589 1019 715 1072; x_wconf 89' lang='lat' dir='ltr'><strong>quaeque</strong></span> <span class='ocrx_word' id='word_1_89' title='bbox 731 1002 838 1058; x_wconf 89' lang='lat' dir='ltr'><strong>dabunt</strong></span> <span class='ocrx_word' id='word_1_90' title='bbox 856 1001 892 1058; x_wconf 89' lang='lat' dir='ltr'><strong>di.</strong></span> 
     </span>
    </p>

    <p class='ocr_par' dir='ltr' id='par_1_13' title="bbox 123 1078 981 1150">
     <span class='ocr_line' id='line_1_14' title="bbox 123 1078 981 1150; baseline -0.001 -16"><span class='ocrx_word' id='word_1_91' title='bbox 123 1078 221 1134; x_wconf 83' lang='lat' dir='ltr'><strong>Carior</strong></span> <span class='ocrx_word' id='word_1_92' title='bbox 238 1083 282 1134; x_wconf 90' lang='lat' dir='ltr'><strong>est</strong></span> <span class='ocrx_word' id='word_1_93' title='bbox 298 1079 352 1134; x_wconf 90' lang='lat' dir='ltr'><strong>illis</strong></span> <span class='ocrx_word' id='word_1_94' title='bbox 369 1079 450 1134; x_wconf 89' lang='lat' dir='ltr'><strong>homo</strong></span> <span class='ocrx_word' id='word_1_95' title='bbox 468 1097 551 1149; x_wconf 89' lang='lat' dir='ltr'><strong>quam</strong></span> <span class='ocrx_word' id='word_1_96' title='bbox 568 1079 627 1135; x_wconf 86' lang='lat' dir='ltr'><strong>sibi</strong></span> <span class='ocrx_word' id='word_1_97' title='bbox 665 1079 893 1150; x_wconf 75' lang='lat' dir='ltr'><strong>N0s‚auim0mnr</strong></span> <span class='ocrx_word' id='word_1_98' title='bbox 944 1094 981 1133; x_wconf 80' lang='lat' dir='ltr'><strong>asu</strong></span> 
     </span>
    </p>

    <p class='ocr_par' dir='ltr' id='par_1_14' title="bbox 124 1154 864 1225">
     <span class='ocr_line' id='line_1_15' title="bbox 124 1154 864 1225; baseline -0.001 -16"><span class='ocrx_word' id='word_1_99' title='bbox 124 1155 248 1225; x_wconf 88' lang='lat' dir='ltr'><strong>Impulsu</strong></span> <span class='ocrx_word' id='word_1_100' title='bbox 265 1160 295 1211; x_wconf 87' lang='lat' dir='ltr'><strong>et</strong></span> <span class='ocrx_word' id='word_1_101' title='bbox 311 1171 392 1210; x_wconf 86' lang='lat' dir='ltr'><strong>caeca</strong></span> <span class='ocrx_word' id='word_1_102' title='bbox 409 1172 564 1225; x_wconf 75' lang='lat' dir='ltr'><strong>magnaque</strong></span> <span class='ocrx_word' id='word_1_103' title='bbox 581 1154 711 1224; x_wconf 89' lang='lat' dir='ltr'><strong>cupidine</strong></span> <span class='ocrx_word' id='word_1_104' title='bbox 729 1154 807 1210; x_wconf 86' lang='lat' dir='ltr'><strong>ducti</strong></span> <span class='ocrx_word' id='word_1_105' title='bbox 861 1179 864 1190; x_wconf 70' lang='lat'><strong><em>¹</em></strong></span> 
     </span>
    </p>

    <p class='ocr_par' dir='ltr' id='par_1_15' title="bbox 124 1230 857 1304">
     <span class='ocr_line' id='line_1_16' title="bbox 124 1230 857 1304; baseline 0.003 -18"><span class='ocrx_word' id='word_1_106' title='bbox 124 1231 288 1302; x_wconf 80' lang='lat' dir='ltr'><strong>Gonjugium</strong></span> <span class='ocrx_word' id='word_1_107' title='bbox 305 1233 425 1304; x_wconf 86' lang='lat' dir='ltr'><strong>petimus</strong></span> <span class='ocrx_word' id='word_1_108' title='bbox 442 1236 608 1302; x_wconf 89' lang='lat' dir='ltr'><strong>partumque</strong></span> <span class='ocrx_word' id='word_1_109' title='bbox 625 1232 732 1290; x_wconf 85' lang='lat' dir='ltr'><strong>uxoris:</strong></span> <span class='ocrx_word' id='word_1_110' title='bbox 755 1235 786 1286; x_wconf 85' lang='lat' dir='ltr'><strong>at</strong></span> <span class='ocrx_word' id='word_1_111' title='bbox 802 1230 857 1288; x_wconf 86' lang='lat' dir='ltr'><strong>illis</strong></span> 
     </span>
    </p>

    <p class='ocr_par' dir='ltr' id='par_1_16' title="bbox 122 1308 817 1380">
     <span class='ocr_line' id='line_1_17' title="bbox 122 1308 817 1380; baseline 0.003 -18"><span class='ocrx_word' id='word_1_112' title='bbox 122 1308 228 1363; x_wconf 88' lang='lat' dir='ltr'><strong>Notum</strong></span> <span class='ocrx_word' id='word_1_113' title='bbox 247 1309 295 1380; x_wconf 91' lang='lat' dir='ltr'><strong>qui</strong></span> <span class='ocrx_word' id='word_1_114' title='bbox 314 1311 392 1380; x_wconf 89' lang='lat' dir='ltr'><strong>pueri</strong></span> <span class='ocrx_word' id='word_1_115' title='bbox 411 1309 554 1378; x_wconf 88' lang='lat' dir='ltr'><strong>qualisque</strong></span> <span class='ocrx_word' id='word_1_116' title='bbox 571 1309 666 1362; x_wconf 80' lang='lat' dir='ltr'><strong>futura</strong></span> <span class='ocrx_word' id='word_1_117' title='bbox 684 1308 721 1363; x_wconf 90' lang='lat' dir='ltr'><strong>sit</strong></span> <span class='ocrx_word' id='word_1_118' title='bbox 739 1324 817 1364; x_wconf 83' lang='lat' dir='ltr'><strong>uxor.</strong></span> 
     </span>
    </p>

    <p class='ocr_par' dir='ltr' id='par_1_17' title="bbox 121 1384 854 1456">
     <span class='ocr_line' id='line_1_18' title="bbox 121 1384 854 1456; baseline -0.001 -16"><span class='ocrx_word' id='word_1_119' title='bbox 121 1384 165 1440; x_wconf 85' lang='lat' dir='ltr'><strong>Ut</strong></span> <span class='ocrx_word' id='word_1_120' title='bbox 183 1389 276 1440; x_wconf 89' lang='lat' dir='ltr'><strong>tamen</strong></span> <span class='ocrx_word' id='word_1_121' title='bbox 295 1391 325 1441; x_wconf 90' lang='lat' dir='ltr'><strong>et</strong></span> <span class='ocrx_word' id='word_1_122' title='bbox 342 1403 438 1456; x_wconf 86' lang='lat' dir='ltr'><strong>poscas</strong></span> <span class='ocrx_word' id='word_1_123' title='bbox 456 1385 561 1455; x_wconf 88' lang='lat' dir='ltr'><strong>aliquid</strong></span> <span class='ocrx_word' id='word_1_124' title='bbox 577 1401 731 1453; x_wconf 84' lang='lat' dir='ltr'><strong>voveasque</strong></span> <span class='ocrx_word' id='word_1_125' title='bbox 748 1385 854 1440; x_wconf 78' lang='lat' dir='ltr'><strong>sacellis</strong></span> 
     </span>
    </p>

    <p class='ocr_par' dir='ltr' id='par_1_18' title="bbox 123 1460 980 1530">
     <span class='ocr_line' id='line_1_19' title="bbox 123 1460 980 1530; baseline 0.001 -15"><span class='ocrx_word' id='word_1_126' title='bbox 123 1460 197 1516; x_wconf 80' lang='lat' dir='ltr'><strong>Exta</strong></span> <span class='ocrx_word' id='word_1_127' title='bbox 215 1465 244 1517; x_wconf 93' lang='lat' dir='ltr'><strong>et</strong></span> <span class='ocrx_word' id='word_1_128' title='bbox 262 1462 400 1516; x_wconf 87' lang='lat' dir='ltr'><strong>candiduli</strong></span> <span class='ocrx_word' id='word_1_129' title='bbox 419 1462 512 1516; x_wconf 76' lang='lat' dir='ltr'><strong>divium</strong></span> <span class='ocrx_word' id='word_1_130' title='bbox 530 1460 667 1515; x_wconf 81' lang='lat' dir='ltr'><strong>tomacula</strong></span> <span class='ocrx_word' id='word_1_131' title='bbox 687 1460 769 1530; x_wconf 87' lang='lat' dir='ltr'><strong>perci,</strong></span> <span class='ocrx_word' id='word_1_132' title='bbox 943 1476 980 1516; x_wconf 77' lang='lat' dir='ltr'><strong>att</strong></span> 
     </span>
    </p>
   </div>
   <div class='ocr_carea' id='block_1_3' title="bbox 24 1537 885 1606">
    <p class='ocr_par' dir='ltr' id='par_1_19' title="bbox 24 1537 885 1606">
     <span class='ocr_line' id='line_1_20' title="bbox 24 1537 885 1606; baseline 0.001 -14"><span class='ocrx_word' id='word_1_133' title='bbox 24 1553 27 1558; x_wconf 86' lang='lat'>·</span> <span class='ocrx_word' id='word_1_134' title='bbox 123 1537 265 1592; x_wconf 88' lang='lat' dir='ltr'><strong>Orandum</strong></span> <span class='ocrx_word' id='word_1_135' title='bbox 284 1542 377 1593; x_wconf 89' lang='lat' dir='ltr'><strong>estut</strong></span> <span class='ocrx_word' id='word_1_136' title='bbox 395 1540 432 1594; x_wconf 89' lang='lat' dir='ltr'><strong>sit</strong></span> <span class='ocrx_word' id='word_1_137' title='bbox 449 1554 528 1592; x_wconf 91' lang='lat' dir='ltr'><strong>meus</strong></span> <span class='ocrx_word' id='word_1_138' title='bbox 546 1552 613 1591; x_wconf 89' lang='lat' dir='ltr'><strong>sana</strong></span> <span class='ocrx_word' id='word_1_139' title='bbox 631 1537 659 1591; x_wconf 90' lang='lat' dir='ltr'><strong>in</strong></span> <span class='ocrx_word' id='word_1_140' title='bbox 679 1553 793 1606; x_wconf 88' lang='lat' dir='ltr'><strong>corpore</strong></span> <span class='ocrx_word' id='word_1_141' title='bbox 811 1553 885 1594; x_wconf 87' lang='lat' dir='ltr'><strong>saue.</strong></span> 
     </span>
    </p>
   </div>
   <div class='ocr_carea' id='block_1_4' title="bbox 94 1613 979 2369">
    <p class='ocr_par' dir='ltr' id='par_1_20' title="bbox 124 1613 888 1685">
     <span class='ocr_line' id='line_1_21' title="bbox 124 1613 888 1685; baseline -0.004 -16"><span class='ocrx_word' id='word_1_142' title='bbox 124 1613 237 1669; x_wconf 82' lang='lat' dir='ltr'><strong>Fortem</strong></span> <span class='ocrx_word' id='word_1_143' title='bbox 255 1631 336 1685; x_wconf 89' lang='lat' dir='ltr'><strong>posce</strong></span> <span class='ocrx_word' id='word_1_144' title='bbox 354 1615 482 1682; x_wconf 85' lang='lat' dir='ltr'><strong>animum,</strong></span> <span class='ocrx_word' id='word_1_145' title='bbox 500 1613 598 1670; x_wconf 85' lang='lat' dir='ltr'><strong>mertis</strong></span> <span class='ocrx_word' id='word_1_146' title='bbox 615 1617 722 1670; x_wconf 88' lang='lat' dir='ltr'><strong>terrore</strong></span> <span class='ocrx_word' id='word_1_147' title='bbox 739 1617 888 1682; x_wconf 79' lang='lat' dir='ltr'><strong>carentem,</strong></span> 
     </span>
    </p>

    <p class='ocr_par' dir='ltr' id='par_1_21' title="bbox 94 1689 905 1837">
     <span class='ocr_line' id='line_1_22' title="bbox 94 1689 905 1761; baseline 0.002 -17"><span class='ocrx_word' id='word_1_148' title='bbox 94 1719 96 1723; x_wconf 94' lang='lat'>·</span> <span class='ocrx_word' id='word_1_149' title='bbox 124 1689 177 1756; x_wconf 89' lang='lat' dir='ltr'><strong>Qui</strong></span> <span class='ocrx_word' id='word_1_150' title='bbox 196 1692 314 1761; x_wconf 89' lang='lat' dir='ltr'><strong>spatium</strong></span> <span class='ocrx_word' id='word_1_151' title='bbox 333 1691 407 1746; x_wconf 82' lang='lat' dir='ltr'><strong>ritae</strong></span> <span class='ocrx_word' id='word_1_152' title='bbox 425 1693 580 1748; x_wconf 82' lang='lat' dir='ltr'><strong>extremum</strong></span> <span class='ocrx_word' id='word_1_153' title='bbox 599 1691 672 1747; x_wconf 89' lang='lat' dir='ltr'><strong>inter</strong></span> <span class='ocrx_word' id='word_1_154' title='bbox 689 1707 803 1746; x_wconf 77' lang='lat' dir='ltr'><strong>mimera</strong></span> <span class='ocrx_word' id='word_1_155' title='bbox 820 1693 905 1760; x_wconf 83' lang='lat' dir='ltr'><strong>peuat</strong></span> 
     </span>
     <span class='ocr_line' id='line_1_23' title="bbox 123 1765 839 1837; baseline 0 -15"><span class='ocrx_word' id='word_1_156' title='bbox 123 1765 253 1836; x_wconf 82' lang='lat' dir='ltr'><strong>Naturae,</strong></span> <span class='ocrx_word' id='word_1_157' title='bbox 273 1767 321 1836; x_wconf 91' lang='lat' dir='ltr'><strong>qui</strong></span> <span class='ocrx_word' id='word_1_158' title='bbox 338 1767 411 1821; x_wconf 84' lang='lat' dir='ltr'><strong>ferre</strong></span> <span class='ocrx_word' id='word_1_159' title='bbox 428 1771 512 1836; x_wconf 89' lang='lat' dir='ltr'><strong>queat</strong></span> <span class='ocrx_word' id='word_1_160' title='bbox 530 1783 706 1837; x_wconf 83' lang='lat' dir='ltr'><strong>quoscunque</strong></span> <span class='ocrx_word' id='word_1_161' title='bbox 724 1766 839 1836; x_wconf 86' lang='lat' dir='ltr'><strong>labores,</strong></span> 
     </span>
    </p>

    <p class='ocr_par' dir='ltr' id='par_1_22' title="bbox 122 1841 979 1989">
     <span class='ocr_line' id='line_1_24' title="bbox 122 1841 979 1913; baseline 0.004 -16"><span class='ocrx_word' id='word_1_162' title='bbox 122 1841 236 1898; x_wconf 84' lang='lat' dir='ltr'><strong>Nesciat</strong></span> <span class='ocrx_word' id='word_1_163' title='bbox 254 1843 343 1910; x_wconf 78' lang='lat' dir='ltr'><strong>irasci,</strong></span> <span class='ocrx_word' id='word_1_164' title='bbox 363 1844 456 1912; x_wconf 90' lang='lat' dir='ltr'><strong>cupiat</strong></span> <span class='ocrx_word' id='word_1_165' title='bbox 474 1843 549 1911; x_wconf 88' lang='lat' dir='ltr'><strong>nihil,</strong></span> <span class='ocrx_word' id='word_1_166' title='bbox 569 1847 599 1899; x_wconf 89' lang='lat' dir='ltr'><strong>et</strong></span> <span class='ocrx_word' id='word_1_167' title='bbox 617 1844 738 1913; x_wconf 86' lang='lat' dir='ltr'><strong>potiores</strong></span> <span class='ocrx_word' id='word_1_168' title='bbox 940 1859 979 1900; x_wconf 79' lang='lat' dir='ltr'><strong>am</strong></span> 
     </span>
     <span class='ocr_line' id='line_1_25' title="bbox 123 1918 909 1989; baseline 0.003 -15"><span class='ocrx_word' id='word_1_169' title='bbox 123 1918 251 1974; x_wconf 89' lang='lat' dir='ltr'><strong>Herculis</strong></span> <span class='ocrx_word' id='word_1_170' title='bbox 270 1935 414 1974; x_wconf 74' lang='lat' dir='ltr'><strong>aerumnas</strong></span> <span class='ocrx_word' id='word_1_171' title='bbox 433 1919 529 1974; x_wconf 85' lang='lat' dir='ltr'><strong>credat</strong></span> <span class='ocrx_word' id='word_1_172' title='bbox 547 1935 699 1989; x_wconf 81' lang='lat' dir='ltr'><strong>saeuosque</strong></span> <span class='ocrx_word' id='word_1_173' title='bbox 716 1918 824 1976; x_wconf 84' lang='lat' dir='ltr'><strong>labores</strong></span> <span class='ocrx_word' id='word_1_174' title='bbox 907 1959 909 1962; x_wconf 92' lang='lat'>-</span> 
     </span>
    </p>

    <p class='ocr_par' dir='ltr' id='par_1_23' title="bbox 123 1994 808 2064">
     <span class='ocr_line' id='line_1_26' title="bbox 123 1994 808 2064; baseline 0.006 -16"><span class='ocrx_word' id='word_1_175' title='bbox 123 1995 161 2049; x_wconf 84' lang='lat' dir='ltr'><strong>llt</strong></span> <span class='ocrx_word' id='word_1_176' title='bbox 179 1995 288 2058; x_wconf 83' lang='lat' dir='ltr'><strong>Venere</strong></span> <span class='ocrx_word' id='word_1_177' title='bbox 307 1998 337 2050; x_wconf 88' lang='lat' dir='ltr'><strong>et</strong></span> <span class='ocrx_word' id='word_1_178' title='bbox 354 1995 443 2049; x_wconf 84' lang='lat' dir='ltr'><strong>coenis</strong></span> <span class='ocrx_word' id='word_1_179' title='bbox 461 1999 491 2049; x_wconf 89' lang='lat' dir='ltr'><strong>et</strong></span> <span class='ocrx_word' id='word_1_180' title='bbox 509 1994 603 2064; x_wconf 88' lang='lat' dir='ltr'><strong>pluma</strong></span> <span class='ocrx_word' id='word_1_181' title='bbox 622 1995 808 2064; x_wconf 74' lang='lat' dir='ltr'><strong>Sardanapali.</strong></span> 
     </span>
    </p>

    <p class='ocr_par' dir='ltr' id='par_1_24' title="bbox 123 2071 908 2217">
     <span class='ocr_line' id='line_1_27' title="bbox 123 2071 908 2141; baseline 0.004 -15"><span class='ocrx_word' id='word_1_182' title='bbox 123 2071 247 2126; x_wconf 87' lang='lat' dir='ltr'><strong>Monstro</strong></span> <span class='ocrx_word' id='word_1_183' title='bbox 265 2071 340 2140; x_wconf 90' lang='lat' dir='ltr'><strong>quod</strong></span> <span class='ocrx_word' id='word_1_184' title='bbox 358 2072 416 2141; x_wconf 87' lang='lat' dir='ltr'><strong>ipse</strong></span> <span class='ocrx_word' id='word_1_185' title='bbox 435 2071 487 2126; x_wconf 89' lang='lat' dir='ltr'><strong>tibi</strong></span> <span class='ocrx_word' id='word_1_186' title='bbox 504 2071 593 2141; x_wconf 83' lang='lat' dir='ltr'><strong>possis</strong></span> <span class='ocrx_word' id='word_1_187' title='bbox 612 2071 693 2126; x_wconf 88' lang='lat' dir='ltr'><strong>dare:</strong></span> <span class='ocrx_word' id='word_1_188' title='bbox 717 2072 815 2126; x_wconf 88' lang='lat' dir='ltr'><strong>semita</strong></span> <span class='ocrx_word' id='word_1_189' title='bbox 832 2077 908 2128; x_wconf 88' lang='lat' dir='ltr'><strong>certe</strong></span> 
     </span>
     <span class='ocr_line' id='line_1_28' title="bbox 124 2146 802 2217; baseline 0.001 -16"><span class='ocrx_word' id='word_1_190' title='bbox 124 2146 295 2217; x_wconf 75' lang='lat' dir='ltr'><strong>Tranquillae</strong></span> <span class='ocrx_word' id='word_1_191' title='bbox 316 2165 365 2217; x_wconf 88' lang='lat' dir='ltr'><strong>per</strong></span> <span class='ocrx_word' id='word_1_192' title='bbox 382 2147 514 2202; x_wconf 79' lang='lat' dir='ltr'><strong>virtutem</strong></span> <span class='ocrx_word' id='word_1_193' title='bbox 531 2151 609 2216; x_wconf 87' lang='lat' dir='ltr'><strong>patet</strong></span> <span class='ocrx_word' id='word_1_194' title='bbox 626 2147 706 2202; x_wconf 85' lang='lat' dir='ltr'><strong>unica</strong></span> <span class='ocrx_word' id='word_1_195' title='bbox 723 2146 802 2202; x_wconf 81' lang='lat' dir='ltr'><strong>vitae</strong></span> 
     </span>
    </p>

    <p class='ocr_par' dir='ltr' id='par_1_25' title="bbox 123 2223 978 2369">
     <span class='ocr_line' id='line_1_29' title="bbox 123 2223 978 2291; baseline 0.001 -13"><span class='ocrx_word' id='word_1_196' title='bbox 123 2223 235 2278; x_wconf 86' lang='lat' dir='ltr'><strong>Nullum</strong></span> <span class='ocrx_word' id='word_1_197' title='bbox 254 2239 354 2278; x_wconf 86' lang='lat' dir='ltr'><strong>numen</strong></span> <span class='ocrx_word' id='word_1_198' title='bbox 373 2224 451 2278; x_wconf 87' lang='lat' dir='ltr'><strong>abest</strong></span> <span class='ocrx_word' id='word_1_199' title='bbox 471 2223 494 2278; x_wconf 89' lang='lat' dir='ltr'><strong>si</strong></span> <span class='ocrx_word' id='word_1_200' title='bbox 513 2224 550 2278; x_wconf 89' lang='lat' dir='ltr'><strong>sit</strong></span> <span class='ocrx_word' id='word_1_201' title='bbox 569 2223 732 2279; x_wconf 75' lang='lat' dir='ltr'><strong>Prudentia:</strong></span> <span class='ocrx_word' id='word_1_202' title='bbox 755 2239 805 2276; x_wconf 90' lang='lat' dir='ltr'><strong>nos</strong></span> <span class='ocrx_word' id='word_1_203' title='bbox 823 2226 860 2291; x_wconf 88' lang='lat' dir='ltr'><strong>te,</strong></span> <span class='ocrx_word' id='word_1_204' title='bbox 941 2241 978 2284; x_wconf 74' lang='lat' dir='ltr'><strong>aas</strong></span> 
     </span>
     <span class='ocr_line' id='line_1_30' title="bbox 123 2298 861 2369; baseline 0.001 -15"><span class='ocrx_word' id='word_1_205' title='bbox 123 2299 182 2354; x_wconf 88' lang='lat' dir='ltr'><strong>Nos</strong></span> <span class='ocrx_word' id='word_1_206' title='bbox 197 2299 319 2369; x_wconf 88' lang='lat' dir='ltr'><strong>facimus,</strong></span> <span class='ocrx_word' id='word_1_207' title='bbox 338 2299 468 2368; x_wconf 71' lang='lat' dir='ltr'><strong>Fortuna,</strong></span> <span class='ocrx_word' id='word_1_208' title='bbox 487 2299 568 2354; x_wconf 89' lang='lat' dir='ltr'><strong>deam</strong></span> <span class='ocrx_word' id='word_1_209' title='bbox 586 2299 716 2368; x_wconf 88' lang='lat' dir='ltr'><strong>caeloque</strong></span> <span class='ocrx_word' id='word_1_210' title='bbox 733 2298 861 2356; x_wconf 88' lang='lat' dir='ltr'><strong>locamus.</strong></span> 
     </span>
    </p>
   </div>
   <div class='ocr_carea' id='block_1_5' title="bbox 438 2600 654 2658">
    <p class='ocr_par' dir='ltr' id='par_1_26' title="bbox 438 2600 654 2658">
     <span class='ocr_line' id='line_1_31' title="bbox 438 2600 654 2658; baseline -0.005 0"><span class='ocrx_word' id='word_1_211' title='bbox 438 2600 583 2658; x_wconf 71' lang='lat' dir='ltr'><strong>saulae</strong></span> <span class='ocrx_word' id='word_1_212' title='bbox 602 2601 654 2658; x_wconf 86' lang='lat' dir='ltr'><strong>XI.</strong></span> 
     </span>
    </p>
   </div>
   <div class='ocr_carea' id='block_1_6' title="bbox 125 2747 975 3204">
    <p class='ocr_par' dir='ltr' id='par_1_27' title="bbox 125 2747 773 2820">
     <span class='ocr_line' id='line_1_32' title="bbox 125 2747 773 2820; baseline 0.003 -16"><span class='ocrx_word' id='word_1_213' title='bbox 125 2748 247 2804; x_wconf 70' lang='lat' dir='ltr'><strong>Arctous</strong></span> <span class='ocrx_word' id='word_1_214' title='bbox 265 2747 365 2805; x_wconf 86' lang='lat' dir='ltr'><strong>eximie</strong></span> <span class='ocrx_word' id='word_1_215' title='bbox 381 2750 406 2806; x_wconf 85' lang='lat' dir='ltr'><strong>si</strong></span> <span class='ocrx_word' id='word_1_216' title='bbox 424 2754 521 2807; x_wconf 87' lang='lat' dir='ltr'><strong>coenat</strong></span> <span class='ocrx_word' id='word_1_217' title='bbox 538 2751 631 2806; x_wconf 87' lang='lat' dir='ltr'><strong>lautus</strong></span> <span class='ocrx_word' id='word_1_218' title='bbox 647 2750 773 2820; x_wconf 90' lang='lat' dir='ltr'><strong>habetur,</strong></span> 
     </span>
    </p>

    <p class='ocr_par' dir='ltr' id='par_1_28' title="bbox 125 2823 894 3048">
     <span class='ocr_line' id='line_1_33' title="bbox 125 2823 894 2896; baseline 0.01 -18"><span class='ocrx_word' id='word_1_219' title='bbox 125 2823 153 2878; x_wconf 80' lang='lat' dir='ltr'><strong>si</strong></span> <span class='ocrx_word' id='word_1_220' title='bbox 171 2824 282 2880; x_wconf 83' lang='lat' dir='ltr'><strong>Rutilus</strong></span> <span class='ocrx_word' id='word_1_221' title='bbox 300 2825 420 2882; x_wconf 87' lang='lat' dir='ltr'><strong>demens.</strong></span> <span class='ocrx_word' id='word_1_222' title='bbox 456 2828 529 2893; x_wconf 83' lang='lat' dir='ltr'><strong>Quid</strong></span> <span class='ocrx_word' id='word_1_223' title='bbox 547 2827 620 2882; x_wconf 91' lang='lat' dir='ltr'><strong>euim</strong></span> <span class='ocrx_word' id='word_1_224' title='bbox 637 2827 743 2896; x_wconf 84' lang='lat' dir='ltr'><strong>majore</strong></span> <span class='ocrx_word' id='word_1_225' title='bbox 760 2827 894 2886; x_wconf 86' lang='lat' dir='ltr'><strong>cachinno</strong></span> 
     </span>
     <span class='ocr_line' id='line_1_34' title="bbox 125 2899 867 2975; baseline 0.009 -22"><span class='ocrx_word' id='word_1_226' title='bbox 125 2899 268 2970; x_wconf 82' lang='lat' dir='ltr'><strong>Excipitur</strong></span> <span class='ocrx_word' id='word_1_227' title='bbox 285 2901 359 2970; x_wconf 81' lang='lat' dir='ltr'><strong>vulgi</strong></span> <span class='ocrx_word' id='word_1_228' title='bbox 378 2919 461 2971; x_wconf 88' lang='lat' dir='ltr'><strong>quam</strong></span> <span class='ocrx_word' id='word_1_229' title='bbox 478 2921 584 2974; x_wconf 83' lang='lat' dir='ltr'><strong>pauper</strong></span> <span class='ocrx_word' id='word_1_230' title='bbox 601 2905 735 2975; x_wconf 85' lang='lat' dir='ltr'><strong>Apiciusl</strong></span> <span class='ocrx_word' id='word_1_231' title='bbox 771 2903 867 2960; x_wconf 89' lang='lat' dir='ltr'><strong>Omnis</strong></span> 
     </span>
     <span class='ocr_line' id='line_1_35' title="bbox 125 2975 843 3048; baseline 0.01 -19"><span class='ocrx_word' id='word_1_232' title='bbox 125 2975 275 3042; x_wconf 80' lang='lat' dir='ltr'><strong>Convictus,</strong></span> <span class='ocrx_word' id='word_1_233' title='bbox 293 2976 426 3048; x_wconf 85' lang='lat' dir='ltr'><strong>thermae,</strong></span> <span class='ocrx_word' id='word_1_234' title='bbox 444 2981 584 3048; x_wconf 85' lang='lat' dir='ltr'><strong>stationes,</strong></span> <span class='ocrx_word' id='word_1_235' title='bbox 602 2997 684 3036; x_wconf 89' lang='lat' dir='ltr'><strong>omne</strong></span> <span class='ocrx_word' id='word_1_236' title='bbox 700 2981 843 3038; x_wconf 84' lang='lat' dir='ltr'><strong>theatrum</strong></span> 
     </span>
    </p>

    <p class='ocr_par' dir='ltr' id='par_1_29' title="bbox 125 3051 975 3204">
     <span class='ocr_line' id='line_1_36' title="bbox 125 3051 975 3126; baseline 0.002 -18"><span class='ocrx_word' id='word_1_237' title='bbox 125 3053 166 3108; x_wconf 90' lang='lat' dir='ltr'><strong>De</strong></span> <span class='ocrx_word' id='word_1_238' title='bbox 184 3051 287 3108; x_wconf 88' lang='lat' dir='ltr'><strong>Rutilo.</strong></span> <span class='ocrx_word' id='word_1_239' title='bbox 322 3053 348 3107; x_wconf 90' lang='lat' dir='ltr'>N</span> <span class='ocrx_word' id='word_1_240' title='bbox 350 3069 395 3108; x_wconf 89' lang='lat' dir='ltr'><strong>am</strong></span> <span class='ocrx_word' id='word_1_241' title='bbox 412 3056 478 3112; x_wconf 91' lang='lat' dir='ltr'><strong>dum</strong></span> <span class='ocrx_word' id='word_1_242' title='bbox 496 3056 589 3112; x_wconf 83' lang='lat' dir='ltr'><strong>valida</strong></span> <span class='ocrx_word' id='word_1_243' title='bbox 605 3073 637 3112; x_wconf 85' lang='lat' dir='ltr'><strong>ae</strong></span> <span class='ocrx_word' id='word_1_244' title='bbox 651 3056 792 3126; x_wconf 86' lang='lat' dir='ltr'><strong>juvenalia</strong></span> <span class='ocrx_word' id='word_1_245' title='bbox 809 3055 934 3114; x_wconf 88' lang='lat' dir='ltr'><strong>membra</strong></span> <span class='ocrx_word' id='word_1_246' title='bbox 956 3071 975 3110; x_wconf 77' lang='lat' dir='ltr'><strong>u</strong></span> 
     </span>
     <span class='ocr_line' id='line_1_37' title="bbox 126 3127 898 3204; baseline 0.003 -18"><span class='ocrx_word' id='word_1_247' title='bbox 126 3127 267 3186; x_wconf 84' lang='lat' dir='ltr'><strong>Sufficiunt</strong></span> <span class='ocrx_word' id='word_1_248' title='bbox 282 3127 378 3197; x_wconf 76' lang='lat' dir='ltr'><strong>galeae</strong></span> <span class='ocrx_word' id='word_1_249' title='bbox 395 3131 517 3204; x_wconf 87' lang='lat' dir='ltr'><strong>dumque</strong></span> <span class='ocrx_word' id='word_1_250' title='bbox 534 3133 635 3196; x_wconf 83' lang='lat' dir='ltr'><strong>ardeus</strong></span> <span class='ocrx_word' id='word_1_251' title='bbox 652 3135 791 3204; x_wconf 77' lang='lat' dir='ltr'><strong>sanguiue,</strong></span> <span class='ocrx_word' id='word_1_252' title='bbox 809 3133 898 3190; x_wconf 76' lang='lat' dir='ltr'><strong>fertur</strong></span> 
     </span>
    </p>
   </div>
   <div class='ocr_carea' id='block_1_7' title="bbox 0 0 1089 3536">
    <p class='ocr_par' dir='ltr' id='par_1_30' title="bbox 0 0 1089 3536">
     <span class='ocr_line' id='line_1_38' title="bbox 0 0 1089 3536; baseline 0 0"><span class='ocrx_word' id='word_1_253' title='bbox 0 0 1089 3536; x_wconf 95' lang='lat' dir='ltr'><strong> </strong></span> 
     </span>
    </p>
   </div>
  </div>
 </body>
</html>
