2164 3536
120 106 149 154 ὃ]
356 101 387 150 D.
406 101 512 155 JUNII
528 100 739 150 JUVENALIS

119 191 330 261 Sardonychuln,
347 191 440 246 l'ooulis
458 209 528 260 quae
545 191 700 246 custoditur
718 191 859 259 eburius*

118 268 155 322 're
172 276 250 336 nunc,
268 269 386 334 delicias,
405 272 485 323 extra
504 268 658 322 eonrmunia
675 283 769 322 censes
940 283 978 322 no

118 344 295 402 Ponenduml
332 345 385 410 Qui
403 349 436 400 tu
448 343 572 413 'gallinae
591 345 662 398 filius
679 343 764 412 albae,

117 422 175 476 Nes
193 423 260 476 viles
278 423 346 491 pulli
364 423 423 478 nati
441 421 597 476 infelicibus
615 422 688 476 ovisl

117 497 188 554 Rem
206 504 310 570 peteris
326 501 462 554 modicam
481 503 511 553 et
529 499 659 554 mediocri
676 498 732 553 bile
747 497 899 564 ferendam,

118 576 147 632 Si
165 576 259 630 flectas
276 577 367 630 oeulos
385 577 493 644 majora
511 576 548 631 ad
567 575 688 630 erimina.
725 574 826 630 Confer

118 653 291 708 Condisctum
304 653 449 719 latronem,
462 651 593 706 'incendia
612 652 714 706 sulfure
731 653 829 719 coepta
939 665 976 704 143

118 729 213 798 Atque
231 729 294 783 dolo
311 731 414 798 primos
432 745 517 798 quum
530 729 618 796 „ianua
635 729 736 797 colligit
753 727 843 795 ignes:

118 806 219 861 Confer
236 810 265 861 et
281 806 332 861 hos
349 807 449 860 veteris
467 807 515 874 qui
533 806 633 862 tollunt
651 805 765 874 grandia
782 803 880 873 templi

118 880 220 938 Pocula
238 883 394 938 adorandae
411 881 543 950 robiginis
561 886 590 937 et
607 883 769 952 populor-um

117 959 198 1014 Dona
210 961 253 1014 rel
271 961 384 1030 antiquo
402 960 507 1028 pesitus
525 976 541 1012 a
558 975 624 1027 rege
641 975 760 1014 coronas

118 1036 196 1091 Haeo
212 1037 251 1090 ibi
268 1037 292 1094 ei
308 1051 362 1091 non
380 1041 452 1099 sunt,
471 1036 560 1090 minor
577 1039 670 1090 exstat
687 1037 833 1104 sacrilegus
847 1037 899 1103 qui
938 1048 974 1088 rso

118 1111 217 1168 Radat
227 1114 351 1168 inaurati
363 1114 452 1168 femur
470 1113 598 1168 Herculis
614 1117 643 1168 et
660 1113 757 1168 faeiem
774 1113 863 1182 ipsam

118 1187 315 1260 Neptuni‚'qui
331 1189 500 1244 bracteolarn
519 1188 555 1242 de
575 1189 687 1242 Castore
706 1189 797 1242 duent.

118 1266 164 1319 An
180 1267 290 1322 dubitet
308 1267 404 1322 solitus
422 1270 512 1320 totum
530 1264 648 1320 conflare
667 1265 832 1320 Tonantem?

117 1341 217 1397 Confer
235 1349 264 1399 ct
282 1343 400 1398 artifices
418 1347 654 1410 mercatoremque
671 1341 775 1408 veneni,

118 1418 155 1472 llt
173 1420 364 1475 deducendum
383 1419 456 1474 corio
473 1418 550 1472 boris
567 1418 595 1470 in
614 1434 697 1482 mere,
715 1433 778 1472 eum
794 1431 850 1486 quc
935 1431 972 1470 us

119 1496 262 1551 Clauditur
279 1497 400 1552 advorsis
418 1495 527 1550 innoxia
543 1495 621 1548 simia
637 1495 708 1548 fatis
746 1549 749 1554 ,

118 1571 195 1627 Haec
214 1575 299 1642 qu'ota
315 1591 378 1642 pars
395 1573 528 1628 scelerum
547 1587 618 1642 quae
636 1574 727 1625 eustos
745 1569 865 1624 Gallicus
884 1567 971 1624 Urbis

117 1646 213 1717 Usque
231 1666 248 1703 a
267 1649 391 1703 Lucifero
409 1649 561 1724 doneelux
579 1648 686 1702 occidat
702 1646 797 1702 auditi

118 1723 239 1779 Humani
257 1725 364 1793 generis
382 1740 472 1778 mores
490 1725 542 1778 tibi
560 1739 641 1778 nosse
659 1722 761 1777 volenti

118 1801 223 1855 Sufficit
241 1817 296 1854 una
317 1801 420 1854 (lomus.
457 1801 561 1856 Paucos
580 1812 708 1854 consumo
727 1799 794 1866 dies,
813 1801 843 1852 et
934 1814 971 1852 rm

118 1875 215 1932 Dicere
235 1880 264 1931 te
283 1877 413 1930 miserum
431 1884 578 1946 postquam
596 1877 669 1931 illiue
688 1877 795 1930 veneris
813 1874 892 1928 aude.

99 1973 101 1976 ·
118 1953 184 2018 Quis
203 1949 341 2008 tumidum
361 1957 459 2021 guttur
477 1954 592 2008 miratur
610 1953 642 2006 in
661 1951 794 2020 Alpibusl
818 1954 868 2006 aut
885 1952 948 2020 quis

118 2029 152 2082 In
171 2029 268 2084 Meroe
287 2025 378 2084 'crasso
396 2029 529 2098 majorem
548 2029 652 2084 infante
670 2027 834 2094 mamillaml

118 2105 233 2161 Caenila
252 2107 313 2176 quis
332 2107 440 2176 stupuit
459 2105 589 2160 Germani
607 2104 723 2170 lumina,-
738 2104 835 2159 flavam

116 2182 271 2238 Caesonem
291 2187 320 2238 e‘t
338 2179 449 2238 madido
467 2185 642 2250 torquentem
661 2197 762 2236 cornua
780 2180 868 2236 cirrol
935 2195 971 2234 raa
1058 2189 1059 2208 ¹

117 2261 224 2329 Nempe
242 2260 316 2329 qued
334 2259 402 2314 haee
419 2259 473 2312 illis
491 2263 591 2320 natura
609 2261 653 2314 est
671 2257 795 2314 erunibus
813 2273 876 2310 una

117 2336 164 2390 Ad
183 2336 286 2392 subitas
307 2336 441 2390 Thracum
459 2335 583 2390 volueres
598 2334 754 2404 nubemque
772 2349 898 2390 sonoram

117 2413 269 2482 Pygmaeus
286 2413 378 2483 parvis
390 2413 484 2466 vcurrit
501 2411 619 2466 bellator
637 2412 666 2466 in
687 2412 783 2476 armis3

116 2488 183 2546 Mox
201 2491 290 2560 impar
307 2489 380 2544 hosti
400 2493 550 2558 raptusque
570 2503 618 2558 per
636 2505 701 2542 aera
719 2487 808 2544 curvis
1058 2547 1059 2568 χ

116 2566 260 2636 Unguibus
279 2581 296 2619 a
315 2581 396 2622 saera
413 2565 503 2620 fertur
521 2581 598 2634 grue.
633 2565 663 2620 ei
681 2564 775 2618 videas
792 2563 845 2618 hoe
934 2580 970 2620 irs

117 2643 255 2698 Gentibus
273 2643 302 2696 in
319 2643 420 2698 nostris
438 2643 496 2701 risu
515 2643 652 2711 quatiere:
677 2637 728 2696 sed
746 2641 808 2709 illic,

76 2725 82 2734 '
118 2719 279 2789 Quanquam
298 2718 393 2774 eedem
413 2713 521 2772 assiduo
540 2721 700 2787 spectentur
717 2717 827 2787 proclia
846 2715 923 2770 ridet

116 2795 213 2864 Nemo,
232 2795 281 2850 ubi
299 2798 359 2855 tote
376 2795 472 2850 cohors
491 2794 563 2863 pede
581 2809 634 2848 non
653 2799 697 2849 est
715 2793 796 2848 altior
813 2809 876 2848 uno.

151 2871 287 2928 “Nrrllane
305 2871 409 2942 perjuri
428 2871 527 2940 eapitis
545 2870 704 2940 fraudisque
722 2869 857 2924 nefandae

116 2943 210 3003 Peene
220 2949 304 3006 cricr’
327 2948 484 3016 Abreptnm
497 2947 578 3002 erede
589 2946 661 3000 hunc
673 2947 798 3014 gnariore
810 2949 908 3002 catena
930 2963 981 3016 rra¹

118 3019 247 3078 Protinus
265 3026 295 3077 et
312 3027 406 3077 nostro
425 3022 505 3091 (quid
523 3021 585 3089 plus
604 3021 670 3076 velit
687 3022 757 3090 irai)
777 3021 867 3076 necari

119 3097 257 3162 Arbitrio3
276 3103 369 3152 manet
381 3098 435 3152 'ille
452 3101 545 3150 tamen
564 3095 683 3164 jactura,
703 3113 755 3152 nee
772 3113 903 3166 unquam·

118 3169 288 3242 Depositum·
298 3171 350 3230 tibi
369 3188 462 3251 sospes
480 3169 540 3248 erit,
559 3171 610 3226 sed
627 3188 740 3258 corpore
760 3175 856 3228 tumeo
