2126 3532
420 143 553 192 SATIRA
569 143 603 194 V.
650 175 651 178 =
679 175 680 178 =
892 143 940 196 115

76 235 187 290 Nescio
206 233 280 304 quod
296 236 373 290 certe
390 229 522 300 estquod
539 247 584 284 me
602 229 652 286 tibi
671 223 810 302 temperat
828 237 941 288 astrum.

120 310 199 364 Mille
217 309 356 362 licerinum
373 307 477 378 species
494 311 524 361 et
540 323 632 360 rerum
650 307 769 361 discolor
786 325 867 378 usus;

74 385 166 440 Velle
184 401 263 439 suum
281 385 379 452 cuique
397 387 447 452 est,
465 399 517 438 nec
534 387 598 437 voto
615 383 717 437 vivitur
733 399 795 441 uno.
903 443 905 446 s

76 461 226 516 Mercibus
243 459 289 514 hie
306 460 387 514 ltalia
404 463 496 515 mutat
514 459 566 513 sub
584 459 640 514 sole
656 460 762 514 recenti

76 537 228 607 Rugosum
245 537 372 607 piper'et
388 536 517 606 pallentis
534 552 620 604 grana
637 535 752 604 cumini3
916 555 941 593 es

78 615 142 670 Hic
160 619 237 670 satur
254 613 357 682 irriguo
374 613 479 668 mavult
496 617 654 680 turgescere
671 629 782 688 somn03

77 692 141 747 Hic
159 691 263 763 Campo
280 689 422 759 indulget;
444 689 517 744 hunc
535 691 595 744 alea
613 689 754 758 decoquit3
777 691 831 746 ille·

77 769 119 822 In
138 767 281 823 Venerem·
294 772 338 822 est
354 766 457 837 putris:
481 767 532 821 sed
549 783 611 821 cum
629 765 753 836 lapidoso
769 767 903 838 cheragra

79 845 214 914 Fregerit
231 843 361 903 articulos
378 843 479 898 veteris
497 843 611 898 ramalia
627 842 692 912 fagi,

79 921 160 976 'Punc
178 937 284 976 crassos
302 919 435 976 transisse
452 919 512 975 dies
529 919 671 988 lucemque
688 919 846 990 palustrem,
915 934 941 976 oo

79 997 123 1051 nt
142 996 194 1051 sibi
206 996 266 1066 iam
283 997 338 1052 seri
355 996 441 1050 vitam
458 995 617 1065 ingemuere
634 995 765 1051 relictam.

83 1077 130 1127 At
146 1077 176 1128 te
194 1073 337 1128 nocturnis
349 1071 433 1142 juvat
451 1071 638 1142 impallescere
656 1071 766 1140 chartis,
844 1085 845 1088 ’

81 1147 183 1204 (irritor
199 1148 272 1203 enim
286 1149 419 1219 juvenum
436 1151 567 1218 purgatas
584 1147 680 1201 inseris
697 1163 779 1202 aures

81 1225 178 1294 Fruge
196 1222 353 1280 Cleanthea.
388 1225 481 1280 Petite
498 1224 569 1292 binc,
583 1223 754 1293 juvenesque
771 1239 915 1296 senesque,

81 1300 183 1355 Finem
200 1301 290 1355 animo
308 1303 415 1355 certum
433 1299 595 1368 miserisque
611 1299 712 1354 viatica
730 1300 812 1355 canis.
913 1317 939 1357 os

82 1376 175 1432 “Cres
185 1377 236 1431 hoc
248 1376 317 1432 fiet.”
350 1375 430 1431 Idem
441 1393 502 1431 cras
513 1377 571 1431 fiet.
603 1375 704 1443 “Quid,
718 1377 796 1446 quasi
807 1393 938 1447 magnum

81 1453 194 1522 Nempe
211 1453 286 1508 diem
304 1452 425 1508 donesl''
460 1452 517 1507 Sed
534 1469 596 1507 cum
613 1451 662 1506 lux
680 1453 768 1507 altera
785 1453 867 1522 venit,

81 1529 150 1584 Jam
167 1545 227 1584 cras
243 1529 402 1584 hesternum
420 1528 631 1584 consumsimus:
653 1543 717 1584 ecce
735 1528 810 1584 aliud
827 1545 887 1584 cras

82 1604 182 1674 Egerit
198 1604 249 1660 hos
265 1621 356 1673 annos,
373 1608 405 1660 et
422 1621 531 1674 semper
545 1605 658 1674 paulum
675 1603 730 1659 erit
746 1604 827 1659 ultra

82 1681 159 1735 Nam
177 1681 299 1750 quamuis
316 1697 404 1752 prope
421 1685 458 1749 te,
477 1680 601 1750 quamvis
617 1683 728 1736 temone
745 1680 796 1735 sub
812 1697 892 1735 uno.
912 1695 938 1736 ro

82 1757 248 1813 vertentem
265 1773 333 1826 sese,
350 1758 454 1813 frustra
470 1757 612 1812 sectabere
630 1757 767 1826 canthum,
792 1782 795 1788 ·

83 1833 155 1889 Cum
172 1836 234 1889 rota
250 1835 387 1904 posterior
405 1851 499 1889 curras
516 1833 592 1888 etin
609 1849 662 1889 axe
679 1833 805 1889 secundo.

119 1909 260 1966 L1bertote
278 1925 347 1981 opus
364 1913 415 1978 est,
432 1927 486 1964 non
504 1909 556 1965 bac
574 1925 629 1980 qua
646 1910 762 1980 quisque
778 1909 878 1968 Velina

83 1985 199 2040 Publius
215 1987 332 2041 emeruit
349 1985 502 2042 scabiosum
520 1987 654 2042 tessenrla
668 1986 711 2040 fer

83 2061 218 2117 Possidet
254 2061 319 2117 Heu
337 2062 443 2118 steriles
461 2063 527 2132 veri,
544 2061 645 2132 quibus
661 2079 717 2117 una
735 2062 870 2128 Quiritem
910 2079 935 2120 re

82 2137 199 2207 Vertigo
215 2137 292 2193 facit!
316 2137 361 2194 hic
378 2139 467 2193 Dama
484 2143 535 2208 est,
551 2154 607 2193 non
623 2139 719 2194 tressis
736 2155 826 2210 agaso,

82 2212 183 2283 Vappa
199 2216 229 2271 et
245 2213 337 2285 ljppus
354 2218 384 2270 et
399 2215 427 2270 in
444 2216 520 2271 tenui
537 2215 673 2285 farragine
690 2215 816 2270 mendax.

82 2287 206 2345 Verterit
223 2289 295 2346 hunc
313 2291 445 2362 domiuus,
462 2296 602 2352 momento
618 2291 738 2348 turbinis
755 2292 815 2347 exit

83 2365 191 2420 Marcus
208 2367 304 2426 Dama
340 2366 443 2438 Papae!
468 2368 564 2424 Marco
582 2368 734 2439 spondente
750 2369 859 2426 recinas

84 2440 204 2497 Credere
220 2444 254 2496 tu
270 2446 412 2500 nummosi
447 2445 543 2501 Marco
561 2444 722 2513 subjudice
739 2445 841 2516 pelles?
909 2462 934 2502 so

82 2516 194 2573 Marcus
212 2517 289 2587 dixit,
307 2520 348 2574 ita
364 2525 420 2576 est:
445 2522 561 2591 assigna,
581 2523 681 2588 Marce,
699 2521 821 2578 tabellas.

83 2593 162 2649 Haec
178 2611 256 2650 mera
271 2595 397 2651 libertus!
420 2597 473 2653 hoc
490 2597 568 2652 nobis
585 2597 659 2667 pilea
680 2597 795 2654 donant!

83 2670 146 2724 “An
164 2671 309 2742 quisquam
326 2675 370 2728 est
385 2672 455 2728 alius
472 2673 550 2743 liber,
568 2673 621 2728 nisi
638 2674 740 2728 ducere
757 2675 843 2730 vitam
941 2697 942 2701 ¹
1044 2645 1045 2674 ἶ

84 2745 134 2800 Oui
149 2745 215 2802 licet
231 2751 265 2803 ut
281 2748 384 2806 voluitl
407 2749 473 2806 licet
489 2753 522 2822 ut
538 2750 599 2805 volo
615 2749 720 2805 vivere:
744 2767 799 2808 non
816 2769 877 2808 sum

84 2819 206 2878 Liberior
222 2823 347 2881 Brutol”
383 2827 517 2882 Mendose
534 2826 646 2895 colligis,
663 2825 754 2896 inquit
909 2845 933 2884 es

84 2897 191 2956 Stoicus
208 2901 254 2958 hic
270 2919 365 2959 aurem
381 2903 503 2960 mordaci
519 2903 593 2959 lotus
610 2906 703 2970 aceto;

84 2974 151 3046 Hoc,
169 2976 285 3048 (reliqua
301 2980 420 3050 accipio)
437 2981 515 3038 ‘licet
531 2983 564 3036 ut
580 2979 642 3035 volo
659 2979 765 3036 vivere’
781 2983 854 3039 tolle.

83 3050 232 3110 “Vindicta
247 3059 393 3126 postquam
408 3073 487 3112 meus
503 3074 521 3113 a
538 3057 671 3112 Praetore
687 3057 796 3126 recessi,

84 3131 137 3186 (tur
152 3133 220 3189 mihi
236 3152 290 3191 non
307 3136 390 3192 liceat
401 3138 488 3207 Jussit
504 3138 688 3210 quodcunque
703 3136 839 3209 uoluntas,

84 3205 203 3277 Excepto
219 3209 244 3268 si
260 3209 328 3282 quid
345 3212 450 3270 Masuri
466 3211 576 3271 rubrica
591 3213 733 3272 renutu
907 3229 931 3272 aa
