2134 3536
137 142 151 192 t
367 139 401 191 D.
418 139 437 190 J
440 139 525 190 UNII
541 138 561 189 J
563 138 751 190 uquALIS

135 230 233 299 Nuper
250 227 279 284 in
297 227 368 284 banc
384 229 481 284 urbem
499 229 617 299 pedibus
636 230 684 300 qui
702 231 817 285 venerat
832 228 919 295 albiae

136 305 362 376 Quandoquidem
381 305 519 360 internos
539 306 708 362 sanctissima
726 305 886 362 divitiarum

134 382 281 452 Majestas:
300 383 353 438 etsi
371 382 481 438 funesta
494 382 614 438 Pecunia
631 383 735 452 templo

134 459 264 514 Nondum
279 459 397 528 habitas,
420 459 508 514 nullas
526 476 700 516 nummorum
717 459 855 515 ereximus
873 477 947 529 aras,

134 535 177 590 Ut
197 535 296 591 colitur
315 537 373 591 Pax
392 540 477 606 atque
497 536 587 603 Fides,
608 536 739 606 Victoria,
759 536 864 605 Virtus,
957 553 996 593 11⁵

134 610 267 682 Quaeque
285 612 405 668 salutato
424 613 544 682 crepitat
566 613 719 668 Concordia
735 612 808 668 nido.

134 687 191 743 Sed
203 705 288 758 quum
307 705 430 743 summus
450 689 536 743 honor
552 689 631 743 finito
651 692 793 758 computet
812 705 891 758 auno,
1045 735 1046 746 ,

133 764 263 834 Sportula
283 765 352 835 quid
369 766 480 834 referat,
499 768 632 834 quantum
652 764 805 820 rationibus
825 765 919 833 addat,
944 809 949 820 .

135 840 208 906 Quid
219 842 320 896 facient
331 841 453 907 comites,
465 840 564 910 quibus
576 841 639 896 hinc
650 845 722 909 toga,
733 840 841 900 calceus
851 841 916 896 hinc
927 845 974 896 ost

47 989 49 992 Ι
133 917 172 971 Et
189 917 269 988 panis
288 917 434 987 sumusque
454 917 547 974 domii
584 917 754 972 Densissima
772 921 883 974 cautum
955 933 994 974 mu

134 993 308 1059 Quadrantos
328 993 425 1049 lectica
443 995 522 1065 petit,
541 994 720 1064 sequiturque
740 993 870 1048 maritum
945 1035 947 1040 .

133 1070 277 1140 Languida
295 1071 340 1128 vel
356 1088 510 1141 praegnans
530 1075 560 1126 et
578 1071 793 1128 circumducitur
812 1087 888 1128 uxor.

134 1148 189 1202 Hic
209 1148 281 1218 petit
298 1147 414 1216 absenti,
433 1152 500 1203 nota
512 1148 572 1217 jam
591 1147 706 1202 callidus
726 1151 794 1215 arte,

134 1223 291 1278 Ostendens
309 1241 421 1280 vacuam
440 1228 470 1280 et
490 1225 609 1280 clausam
625 1241 675 1294 pro
694 1224 810 1293 conjuge
827 1223 928 1281 sellam

134 1301 235 1356 “Galla
253 1317 315 1356 mea
334 1301 401 1370 est,''
422 1301 529 1371 inquit;
543 1302 645 1357 “citius
657 1301 784 1366 dimitte3
801 1303 938 1358 morarie.''
954 1317 990 1358 rae

134 1377 258 1445 “Profeq
277 1376 362 1443 (iolla
381 1374 490 1447 caput.”
526 1377 610 1432 “Noli
629 1394 738 1445 vexare,
758 1376 898 1446 quiescit.'’

134 1453 199 1522 lpse
218 1452 278 1506 dics
296 1453 391 1521 pulcro
412 1453 591 1523 distinguitur
611 1453 707 1507 ordine
724 1469 831 1510 rerum:

133 1529 270 1598 Sportula,
292 1528 395 1584 deinde
413 1531 509 1595 forum,
526 1530 654 1599 jurisque
672 1529 780 1598 peritus
801 1529 903 1599 Apollo

133 1607 228 1672 Atque
249 1604 440 1674 triumphales,
461 1607 534 1660 inter
554 1621 623 1675 quae
642 1621 723 1659 ausus
740 1604 842 1660 habere

133 1680 234 1736 Nescio
253 1680 316 1751 quis
334 1682 432 1736 titulos
451 1683 605 1752 Aegyptius
624 1684 708 1750 atque
727 1681 908 1751 Arabarches,
952 1699 988 1740 reu

133 1756 220 1826 Cujus
241 1757 278 1813 ad
297 1757 416 1827 effigiem
433 1775 487 1812 uon
507 1761 616 1812 tantum
633 1757 737 1812 meiere
754 1757 795 1812 fas
814 1762 864 1813 eet.

133 1833 286 1890 Vestibulis
301 1833 411 1890 abeunt
424 1839 532 1890 veteres
550 1834 670 1903 laesique
688 1833 802 1890 clientes

133 1909 263 1980 Votaque
282 1911 436 1980 deponunt:
459 1927 613 1980 quanquam
632 1910 790 1978 longissima
808 1927 908 1966 coenae

134 1987 203 2058 Spes
222 1986 337 2042 homiui:
358 1987 445 2042 caulis
461 1987 568 2040 miseris
587 1989 672 2056 atque
687 1986 758 2055 ignis
779 1987 915 2042 emendus.

36 2109 37 2113 ,
134 2063 246 2132 Optima
263 2063 394 2118 silvarum
412 2063 518 2118 interea
537 2062 684 2132 pelagique
702 2062 810 2118 vorabit
949 2082 986 2122 ιω

134 2139 195 2193 Rex
216 2139 323 2208 horum,
342 2139 487 2209 vacuisque
506 2139 573 2192 toris
592 2142 700 2194 tantum
718 2138 779 2209 ipse
793 2137 907 2208 jacebit.

133 2216 205 2270 Nam
223 2215 261 2272 de
278 2218 323 2272 tot
340 2215 445 2286 pulcris
465 2218 495 2269 et
513 2215 578 2270 latis
596 2215 708 2270 orbibus
727 2218 833 2270 ettam

134 2291 266 2362 Antiquis
286 2308 342 2348 rma
361 2291 508 2346 comedunt
526 2291 692 2361 patrimonia
711 2307 813 2348 mensu.

133 2367 233 2422 Nullus
247 2367 307 2436 jam
322 2368 460 2437 parasitus
479 2368 547 2424 erit:
568 2368 619 2424 sed
635 2368 698 2437 quis
716 2368 789 2422 serat
809 2368 877 2422 istus

133 2444 269 2498 Luxuriae
281 2444 394 2500 sordesl
431 2444 539 2510 Quanta
551 2448 594 2499 eet
605 2444 671 2513 gula
682 2459 753 2512 quae
765 2443 817 2496 sibi
829 2447 903 2498 totos
950 2460 984 2500 ree

134 2520 216 2574 Ponit
232 2537 320 2590 apros,
337 2520 437 2574 animal
454 2524 569 2591 propter
585 2520 708 2575 conuiuia
723 2522 832 2574 natum!

134 2596 226 2652 Poena
242 2601 335 2652 tamen
351 2613 489 2667 praesens,
507 2613 591 2666 quum
607 2600 640 2651 tu
656 2596 771 2666 deponis
788 2596 906 2651 amictus

132 2668 267 2742 'lurgidus
284 2676 315 2730 et
331 2673 448 2728 crudum
465 2689 598 2742 pavonem
616 2673 645 2728 in
663 2672 761 2728 balnea
778 2676 881 2743 portua

133 2749 207 2804 Hinc
223 2747 331 2804 subitae
347 2752 450 2818 mortes
468 2752 551 2818 atque
568 2749 701 2804 intestata
718 2753 851 2804 senectus.

133 2825 163 2880 lt
179 2841 251 2880 nova
266 2841 317 2880 uec
332 2825 421 2880 tristis
437 2841 488 2894 per
505 2827 616 2879 cunctas
633 2825 725 2880 fabula
743 2841 849 2894 coenae,
948 2840 982 2882 14⁵

133 2901 250 2956 Ducitur
264 2900 342 2956 iratis
359 2900 546 2970 plaudendum
562 2901 644 2956 tinus
662 2903 761 2958 amicis.

167 2977 215 3032 Nil
233 2977 287 3031 crit
303 2977 420 3032 ulterius
437 2976 512 3046 quod
528 2979 629 3032 nostrie
647 2979 766 3033 moribus
783 2977 890 3033 addat.

133 3053 301 3118 Posteritesq
324 3052 421 3110 eadem
438 3052 550 3123 cupient
566 3054 721 3124 facientque
738 3055 871 3120 nrinoree3

132 3129 221 3184 Omne
238 3128 267 3184 iu
283 3129 427 3199 praecipiti
445 3129 542 3184 uitium
560 3130 647 3185 stetit.
683 3129 771 3186 Utere
788 3129 864 3198 uelis,

132 3205 216 3260 lotos
232 3203 323 3274 pande
341 3205 422 3264 dnus
459 3205 542 3262 Dicas
559 3205 603 3262 hic
621 3205 744 3278 forsitan,
763 3205 845 3263 Unde
947 3223 981 3262 uo
