2164 3536
407 126 409 136 '
430 123 566 174 SATIRA
583 123 634 176 IX.
817 125 820 134 ’
928 131 959 181 tl

98 215 158 272 Sed
175 213 324 271 fruticante
340 213 397 285 pilo
415 215 542 282 neglecta
559 219 588 270 et
605 215 731 285 squalida
748 231 834 272 crura
885 245 887 254 ι
935 231 959 272 15

100 292 177 358 Quid
194 291 294 345 macies
311 291 387 360 aegri
403 291 512 360 veteris,
530 308 610 359 quem
628 295 753 362 tempore
769 293 851 362 longo

100 369 200 422 'l'orret
218 370 318 437 quarta
335 367 394 422 dies
411 367 532 436 olimque
549 367 700 424 domestica
715 369 819 425 febrisl

99 443 265 514 Deprendas
282 443 365 498 animi
383 447 521 498 tormenta
538 444 649 498 latentis
667 445 695 498 in
713 461 797 513 aegro
888 477 892 486 ·

100 521 231 592 (torpore,
249 520 404 590 deprendas
422 523 452 575 et
470 520 585 589 gaudia3
607 521 690 574 sumit
708 525 856 591 utrumque

100 598 174 652 Inde
190 597 314 652 habitum
330 598 421 652 facies.
460 597 550 665 Igitur
567 597 675 652 flexisse
692 597 794 652 videris
932 614 957 654 ao

100 673 275 744 Propositum
293 676 323 728 et
339 675 413 729 vitae
431 673 584 735 contrarius
600 675 642 728 ire
657 673 750 743 priori.

98 751 198 820 Nuper
213 749 294 818 enim,
310 753 343 804 ut
360 753 464 820 repeto,
481 750 574 804 fanum
592 750 677 804 Isidis
693 753 723 805 et
741 749 937 820 Ganymeden,

99 827 189 894 Pacis,
205 831 235 882 et
251 827 384 882 advectae
401 830 506 882 secreta
522 827 626 898 palatia
643 826 750 895 Matris,

98 905 137 959 Et
156 903 285 959 Cererem
302 904 376 972 (nam
395 920 449 973 quo
467 919 521 957 non
538 907 647 974 prostat
663 902 765 958 femina
781 903 886 973 templo
893 903 913 972 l)

98 981 199 1035 Notior
216 979 328 1035 Aufidio
345 979 474 1034 moechus
492 979 631 1034 celebrare
648 979 761 1047 solebas,
931 994 956 1034 rs

100 1057 236 1126 Quodque
253 1059 338 1125 taces,
355 1057 428 1126 ipsos
446 1057 530 1110 etiam
547 1055 679 1111 inclinare
695 1057 814 1112 maritos

134 1133 211 1188 Utile
228 1137 258 1189 et
274 1135 326 1188 hoc
343 1133 437 1187 multis
452 1133 525 1187 vitae
542 1149 642 1200 genus;
666 1138 697 1188 at
714 1133 782 1186 milri
798 1133 903 1188 nullum

98 1208 171 1264 Inde
188 1227 288 1280 operae
305 1211 431 1280 pretium.
467 1209 586 1276 Pingues
602 1209 748 1278 aliquando
765 1209 896 1276 lacernas,

98 1286 272 1342 Munimenta
289 1291 378 1356 togae,
397 1285 461 1340 duri
479 1285 619 1354 crassique
636 1285 741 1354 coloris,

98 1363 136 1418 Et
152 1363 223 1418 male
240 1379 384 1434 percussas
401 1361 519 1417 11111111
537 1362 647 1430 pectine
665 1361 736 1416 Galli
930 1371 955 1418 11

98 1439 265 1509 Accipimus,
283 1444 368 1496 tenue
385 1443 531 1508 argentum
548 1455 689 1508 venaeque
706 1439 849 1496 secundae.

98 1515 171 1572 Fata
186 1520 287 1586 regunt
304 1517 442 1582 homines;
465 1516 553 1570 fatum
570 1518 614 1570 est
631 1518 661 1570 et
677 1514 804 1585 partibus
820 1517 874 1572 illis

99 1595 173 1660 Quae
191 1595 266 1648 sinus
284 1593 433 1649 abscondit
470 1593 497 1647 N
499 1610 543 1648 am
561 1593 585 1647 si
602 1593 656 1648 tibi
673 1592 764 1648 sidera
780 1598 895 1663 cessent,

1 1695 2 1710 1
97 1671 145 1725 Nil
162 1671 245 1726 faciet
262 1671 336 1740 longi
353 1687 481 1726 mensura
498 1671 637 1740 incognita
654 1671 739 1740 nervi,

98 1747 228 1813 Quamvis
246 1751 275 1802 tc
292 1747 397 1802 nudum
415 1747 553 1818 spumanti
572 1747 654 1802 Virro
671 1747 770 1803 labello
928 1763 954 1804 11

97 1823 209 1880 Viderit
226 1828 256 1880 et
273 1824 391 1880 blandae
408 1824 517 1880 assidue
533 1824 689 1894 densaeque
707 1825 826 1880 tabellae

97 1899 267 1968 sollicitent3
290 1901 365 1958 αὐτὸς
382 1901 433 1974 γᾶρ
451 1901 592 1972 ἐφέλκεται
609 1900 688 1972 ἄνδρα
706 1903 823 1960 κίναιδος.

97 1976 178 2042 Quod
196 1981 291 2032 tammr
307 1977 422 2032 ulterius
439 1982 591 2032 monstrum
608 1993 691 2048 quam
708 1978 800 2032 mollis
816 1983 930 2036 avanrsl

97 2053 197 2108 “Haec
213 2053 306 2122 tribui,
325 2053 425 2108 deinde
441 2054 490 2109 illa
507 2054 580 2122 dedi,
597 2071 661 2108 mox
678 2053 757 2124 plura
773 2055 894 2112 tulisti:'’

97 2129 296 2200 computatae
313 2133 398 2186 cavet.
433 2130 576 2185 “Ponatur
593 2131 720 2200 celemus,
737 2131 830 2186 adsint
928 2147 953 2186 co

97 2206 166 2261 Cum
185 2205 280 2262 tabula
297 2207 388 2277 pueri:
412 2223 539 2262 numera:
564 2207 692 2261 sestertia
709 2208 830 2277 quinque

62 2327 65 2335 .
96 2283 229 2338 Omnibus
246 2283 275 2338 in
292 2282 388 2338 rebus:
412 2286 591 2338 numerentur
608 2283 709 2338 deiude
726 2283 857 2340 labores.”

96 2360 143 2413 An
160 2359 239 2414 facile
256 2361 286 2414 et
302 2376 419 2430 pronum
437 2363 481 2415 est
498 2375 580 2428 agere
595 2359 668 2413 intra
685 2361 790 2414 viscera
807 2377 905 2430 penem

96 2435 272 2504 Legitimum,
289 2441 374 2506 atque
390 2437 446 2492 illic
463 2437 609 2491 besternae
627 2452 770 2490 occurrere
787 2439 905 2493 coenael

96 2512 197 2566 Servus
216 2513 270 2568 erit
287 2513 375 2567 minus
393 2513 439 2568 ille
456 2513 539 2568 miser
557 2511 605 2582 qui
622 2512 724 2566 foderit
741 2529 837 2582 agrum
918 2529 951 2572 ,41

97 2589 186 2654 Quam
204 2587 349 2645 dominum.
386 2589 443 2646 Sed
459 2593 492 2644 tu
509 2605 575 2644 sane
592 2593 721 2644 tenerum
738 2594 768 2644 et
785 2606 901 2659 puerum
921 2594 951 2646 te

95 2665 132 2720 111
147 2665 273 2737 pulcrum
291 2669 321 2720 et
338 2666 451 2736 dignum
468 2665 567 2736 cyatho
584 2665 715 2734 caeloque
733 2667 858 2736 putabas

95 2741 154 2796 Vos
170 2742 267 2796 lrumili
284 2743 432 2812 asseculae,
450 2759 499 2798 vos
515 2739 696 2812 indulgebitis
713 2759 835 2811 uuquam

95 2817 208 2888 Cultori,
222 2818 283 2888 jam
300 2837 351 2874 uec
368 2819 464 2874 morbo
482 2819 585 2874 donare
602 2819 711 2888 paratil

94 2893 137 2948 En
154 2895 199 2949 cui
216 2899 248 2950 tu
265 2895 382 2952 viridem
399 2897 554 2964 umbellam,
573 2895 617 2950 cui
629 2895 739 2950 succina
756 2894 852 2950 mittas
924 2909 950 2952 eo

95 2969 225 3040 Grandia,
241 2973 341 3028 natalis
358 2974 466 3045 quoties
482 2971 555 3026 redit
573 2974 622 3028 aut
638 2971 780 3034 madidum
797 2987 846 3028 ver
954 2980 961 2994 ¹

1 3085 2 3106 r
95 3047 198 3118 Incipit
214 3052 244 3104 et
261 3053 350 3106 strata
366 3050 470 3120 positus
488 3049 622 3118 longaque
639 3048 770 3102 cathedra

1 3157 2 3178 r
95 3125 212 3180 Munera
229 3126 353 3181 femineis
371 3129 475 3182 tractat
493 3129 600 3180 secreta
619 3124 766 3180 Kalendis!

95 3199 155 3269 Dic,
173 3217 274 3271 passer,
293 3202 337 3260 cui
353 3207 397 3258 tot
416 3205 531 3270 montes,
549 3203 593 3256 tot
610 3201 724 3270 praedia
740 3215 832 3258 servas
882 3243 888 3263 ,,
