2134 3536
419 149 551 198 SATIRA
569 149 622 199 ΠΙ,
920 149 948 197 11

91 239 257 294 Condueunt
274 238 384 292 foueas:
410 241 439 291 et
457 255 506 292 cur
522 255 576 292 nou
594 238 702 292 omnial
723 255 808 308 quum
827 237 882 292 siut

92 316 195 380 Quales
215 333 250 368 cx
269 314 366 368 humili
384 331 483 382 magna
501 315 538 367 ad
556 314 666 383 fastigia
686 331 779 368 rerum

91 392 210 446 Extollit
230 391 338 460 quoties
358 390 444 444 voluit
465 390 587 444 Fortuna
601 389 696 458 jocari.
927 405 950 442 so

91 468 169 532 Quid
188 468 294 521 Rornae
312 467 427 520 faciam?
464 466 576 520 Mentiri
594 467 702 532 nesei03
725 467 826 522 librum

91 545 229 599 Simulus
249 547 292 597 est
310 559 417 611 nequeo
437 542 550 596 laudare
570 547 599 597 et
619 559 747 611 poscere;
770 547 861 598 motus

93 624 244 676 Astrorum
263 621 374 687 ignor03
397 619 477 672 sunus
497 619 661 687 promittere
678 619 764 687 patris

92 699 154 754 Nec
172 697 233 750 volo
251 713 303 750 nec
320 713 445 764 possum;
468 711 596 750 ranarum
616 695 722 749 viscera
740 712 880 764 nunquam
965 705 968 712 ·

92 772 215 844 Inspexi.
253 773 338 828 Ferre
357 771 393 826 ad
414 775 529 840 nuptam
550 789 621 840 quae
640 773 728 826 mittit
749 773 866 840 adulter,
925 787 949 824 aa

93 851 171 916 Quae
189 849 310 917 mandat,
328 849 420 903 norint
439 849 502 903 alii:
526 865 570 902 me
590 865 670 902 nemo
689 849 813 904 ministro

93 927 152 980 Fur
173 927 234 993 erit,
254 931 338 994 atque
358 925 422 980 ideo
440 925 507 978 nulli
528 942 618 980 comes
637 942 712 994 exeo,
735 930 866 995 tanquam

93 1004 210 1058 Maneus
228 1005 257 1056 et
275 1003 427 1056 exstinctae
445 1019 542 1072 eorpus
561 1019 616 1056 non
636 1003 704 1056 utile
724 1002 845 1062 dextrae.

93 1079 163 1144 Quis
183 1096 256 1134 nunc
275 1079 399 1147 diligitur
419 1079 470 1133 nisi
488 1080 618 1148 conscius,
642 1084 671 1134 et
690 1081 733 1134 cui
753 1081 859 1134 fervens

94 1157 216 1210 Aestuat
235 1157 346 1210 occultis
365 1156 471 1210 animus
490 1173 653 1224 semperque
672 1156 812 1218 tacendist
925 1171 948 1209 se

94 1232 142 1286 Nil
163 1231 215 1286 tibi
235 1249 264 1286 se
283 1231 386 1286 debere
407 1235 495 1300 putat,
515 1232 555 1285 nil
574 1233 696 1286 conferet
715 1248 842 1300 unquam,

93 1307 263 1376 Participem
283 1309 329 1377 qui
348 1312 379 1362 te
397 1308 497 1362 secreti
516 1307 581 1362 feeit
600 1307 720 1362 honesti:

94 1383 182 1438 (larus
200 1385 254 1438 erit
277 1385 358 1438 Verri
377 1385 424 1452 qui
444 1383 561 1437 Verrem
580 1387 704 1451 tempore
723 1401 777 1453 quo
795 1385 855 1440 vult

94 1461 234 1514 Accusare
251 1463 350 1529 potest
385 1461 467 1514 Tanti
487 1460 549 1514 tibi‘
560 1476 614 1514 non
636 1461 672 1513 sit
690 1461 767 1529 opaci

93 1535 189 1590 Omnis
208 1553 291 1590 arena
311 1537 378 1605 Tagi
399 1537 527 1606 quodque
545 1537 574 1590 in
593 1553 669 1590 mare
688 1537 805 1592 volvitur
823 1555 927 1603 aurum,

92 1612 135 1668 Ut
155 1629 249 1670 somno
268 1629 361 1678 careas
378 1613 559 1683 ponendaque
577 1613 698 1682 praemia
719 1629 809 1668 sumas
922 1630 947 1667 so

91 1689 193 1744 'histis
210 1692 240 1744 et
257 1705 274 1742 a
292 1706 391 1758 magno
412 1707 520 1758 semper
538 1691 662 1744 timearis
682 1691 776 1744 amico.

129 1766 205 1832 Quae
227 1782 298 1822 nunc
317 1765 449 1820 divitibus
470 1783 536 1834 gens
557 1766 746 1834 acceptissima
765 1769 851 1821 nostri

92 1843 130 1906 Et
151 1856 220 1910 quos
238 1843 384 1911 praecipue
404 1842 507 1910 fugiam
525 1841 677 1911 properabo
698 1842 786 1911 fateri,

92 1918 120 1972 N
122 1935 154 1972 ee
173 1917 262 1986 pudor
281 1917 409 1972 obstabit.
447 1918 473 1971 N
475 1936 510 1972 on
531 1935 641 1987 possum
659 1919 740 1986 ferre,
760 1919 887 1985 Quirites,
923 1937 946 1974 ao

93 1995 227 2050 Graecam
247 1994 357 2049 urbem:
378 1996 501 2062 quamvis
520 1999 604 2064 quota
622 1995 712 2064 portio
726 1996 807 2050 faecis
824 1997 948 2054 Achaei?

93 2071 159 2124 dam
177 2070 285 2140 pridem
306 2071 390 2138 syrus
408 2071 437 2124 iu
457 2071 577 2124 Tiberim
599 2071 716 2126 defluxit
738 2071 854 2127 Orontes
941 2079 944 2086 '

93 2148 131 2202 Et
149 2147 270 2215 linguam
288 2151 318 2202 et
339 2164 428 2202 mores
449 2151 478 2201 et
501 2165 563 2202 cum
583 2147 698 2202 tibicine
717 2147 832 2202 chordas

94 2223 235 2292 Obliquas,
255 2240 306 2278 nee
324 2240 378 2277 non
397 2224 510 2292 gentilia
531 2228 659 2292 tympana
678 2241 771 2278 seeum

94 2299 180 2354 Vexit
199 2304 229 2354 et
249 2299 286 2353 ad
306 2300 415 2354 (lircum
430 2299 523 2368 jussas
543 2303 668 2370 prostare
689 2300 803 2369 puellas.
923 2319 964 2370 tre¹

94 2376 141 2440 Ite
162 2376 261 2444 quibus
282 2380 362 2443 grata
382 2379 425 2432 est
445 2377 520 2445 picta
538 2376 602 2444 lupa
623 2374 740 2430 barbara
757 2377 853 2432 mitra!

94 2452 225 2506 Rusticus
243 2453 289 2506 ille
308 2456 372 2506 tuus
391 2453 475 2506 sumit
495 2453 681 2522 trechedipna,
700 2451 819 2521 Quirine,

93 2527 131 2583 ut
152 2530 315 2584 ceromatico
334 2530 390 2585 tert
409 2531 541 2584 niceteria
561 2529 637 2584 eollo.

93 2605 148 2659 Hic
167 2606 225 2660 alta
244 2605 363 2674 Sicyone,
380 2609 424 2662 ast
442 2606 487 2661 hic
508 2606 653 2675 Amydone
671 2606 774 2676 relicta,
955 2613 957 2656 ἲ

94 2681 149 2736 Hic
171 2681 275 2748 Andro,
296 2683 343 2736 ille
363 2683 451 2752 Samo,
473 2683 516 2737 hie
536 2682 673 2736 'trallibus
693 2688 742 2738 aut
764 2683 924 2754 Alabandis,

93 2757 231 2826 Esquilias
249 2758 409 2828 dictumque
429 2763 530 2830 petunt
550 2775 567 2813 a
585 2759 685 2813 vimine
704 2759 807 2825 collem,
923 2778 947 2818 71

92 2833 208 2888 Viscera
227 2850 388 2902 magnarum
408 2835 537 2914 domuum
558 2835 716 2906 dominique
736 2835 831 2891 futuri.

94 2909 238 2978 Ingenium
257 2910 345 2979 velox,
364 2911 479 2966 audacia
498 2911 615 2981 perdita,
637 2929 726 2966 sermo

17 3007 20 3012 ·
93 2985 221 3040 Promtus
241 2989 271 3040 et
292 2986 372 3042 Isaeo
394 2989 550 3042 torrentior.
589 2989 648 3042 llde
669 2988 737 3057 quid
755 2988 832 3044 illum

93 3061 161 3115 usse
173 3064 271 3130 putes?
289 3079 370 3132 quern
382 3065 423 3118 vis
435 3063 572 3118 hominem
585 3081 677 3120 secum
688 3065 784 3120 attulit
795 3065 831 3118 ad
842 3082 905 3121 uos:
923 3080 958 3123 rs,

93 3137 301 3206 Granrmaticus,
321 3138 423 3208 rhetor,
443 3143 604 3208 geometres,
623 3141 719 3210 pictor,
738 3141 844 3210 aliptes,

95 3215 198 3284 Augur,
221 3214 424 3283 schoenobates,
444 3216 575 3285 medicus,
595 3233 709 3286 magus:
730 3217 823 3272 omnia
840 3215 924 3270 uovit.
955 3225 957 3235 ’
