2164 3536
351 91 353 96 '
432 93 563 143 saman
576 94 631 146 111.
928 94 960 142 59

102 183 181 237 Nam
199 197 243 237 res
260 181 401 236 meditere
417 183 461 236 est
477 179 601 234 inimicus
618 179 727 249 pumice
744 180 817 237 lavia
936 195 970 250 aa¹

103 259 162 326 Qui
180 259 262 313 modo
279 262 414 312 secretum
432 256 605 311 commiserat
622 256 702 312 ardet
720 262 749 313 at
766 258 833 326 odit,

102 335 250 404 'l'anquam
267 333 438 404 prodiderim
455 333 590 405 quidquid
607 333 669 388 scio.
706 334 819 388 Sumere
836 334 948 400 ferrum,
1014 384 1016 394 ,

103 411 194 466 Fuste
211 410 317 480 aperire
335 413 424 480 eaput,
444 410 585 468 candelam
602 427 739 480 apponere
755 411 841 466 valvis

103 488 171 542 Non
188 487 304 542 dubitat
340 487 366 540 N
368 503 399 540 ec
416 489 574 540 contemnas
591 491 640 542 aut
657 485 798 556 despicias,
816 485 891 556 quod

104 564 163 618 His
179 563 276 633 opibus
292 579 432 632 nunquam
449 579 514 617 cara
531 567 575 617 est
591 578 698 618 annona
715 563 819 618 veneni.
924 578 961 618 1oo

104 641 181 709 Ergo
198 640 306 696 occulta
323 643 409 707 teges,
427 642 460 692 ut
477 640 552 694 curia
570 639 670 694 Martis
687 639 814 698 Athenis

141 717 166 771 0
185 716 320 787 Corydon,
340 715 474 786 Corydon,
492 719 629 771 secretum
647 716 741 775 divitia
757 717 843 774 ullum

104 793 174 848 Esse
191 793 290 863 puteal
326 793 403 849 Servi
420 795 453 847 ut
469 796 588 862 taceant,
600 791 728 862 jumenta
744 793 892 866 loquentur

104 869 144 924 111
162 870 234 924 cauis
253 873 282 925 et
299 873 392 940 postes
410 873 440 924 et
457 886 600 924 marmora
638 870 762 926 “Glande
778 871 920 939 fenestras,

103 945 177 1000 Vela
193 949 290 1015 tegant
307 947 398 1015 rimas,
411 945 498 1016 junge
516 947 593 1012 ostia,
613 947 703 1002 tollite
719 947 812 1003 lumen
924 962 961 1002 105

104 1023 130 1077 ll
151 1022 241 1080 medio
261 1021 394 1092 (clamant
412 1024 522 1092 omnes),
541 1041 629 1094 prope
647 1041 727 1078 nemo
746 1025 905 1091 recumbat3

106 1098 188 1165 Quod
206 1103 300 1154 tamen
318 1098 355 1153 ad
374 1103 485 1154 cantum
502 1100 568 1168 galli
586 1101 652 1156 lacit
670 1101 717 1155 ille
736 1101 848 1156 secundi

106 1175 252 1246 Proximus
271 1180 336 1231 anta
355 1176 429 1230 diem
447 1193 535 1246 caupo
554 1176 635 1232 sciet:
659 1177 754 1232 audiet
772 1181 802 1232 et
820 1195 891 1248 quac

105 1251 260 1308 Finxerunt
279 1254 384 1322 pariter
402 1252 536 1319 librarius,
559 1253 740 1322 archimagiri,

106 1327 277 1398 Garptores.’'
303 1329 383 1395 Quod
395 1329 468 1386 enim
480 1329 609 1384 dubitant
621 1347 783 1400 componere
794 1331 899 1387 crimen
923 1347 960 1388 110

106 1405 142 1458 In
163 1404 294 1473 dominos,
313 1406 421 1476 quoties
439 1405 594 1460 rumoribus
614 1406 796 1462 ulciscuntur

106 1481 225 1537 Balteal
261 1482 321 1538 Nec
340 1483 431 1538 deerit
451 1483 499 1552 qui
517 1486 547 1537 te
566 1500 617 1553 per
635 1484 757 1554 compita
775 1489 891 1555 quaerat

106 1557 254 1613 Nolentem
266 1563 295 1614 et
307 1560 434 1614 miseram
446 1559 555 1614 vinosus
567 1559 684 1615 inebriet
695 1577 796 1616 aurem.

107 1634 174 1688 illos
191 1651 256 1704 ergo
274 1652 354 1704 roges
373 1635 510 1706 quidquid
528 1636 620 1708 paullo
638 1641 703 1692 ante
720 1638 836 1708 petebas

107 1711 134 1766 A
153 1709 246 1778 nobis;
270 1714 382 1784 taceant
398 1712 452 1768 illi:
475 1712 525 1766 sed
543 1713 661 1782 prodere
680 1714 786 1770 malunt
924 1733 960 1772 115

107 1789 246 1842 Arcanum
266 1805 348 1858 quam
367 1789 486 1859 correpti
504 1793 601 1858 potare
621 1789 731 1845 Falerni

107 1865 162 1918 Pro
179 1864 280 1935 populo
298 1865 401 1919 iaciens
419 1869 553 1935 quantum
574 1866 682 1922 Saufeia
700 1867 820 1923 bibebat

107 1941 263 1996 Vivandnm
281 1945 358 1996 recte
378 1945 421 1995 est
439 1957 501 1996 cum
518 1946 634 2012 propter
651 1943 769 2012 plurima
786 1949 848 2000 tum
866 1944 909 1999 bis

108 2018 257 2088 Praecipue
278 2018 373 2082 causis,
392 2021 425 2072 ut
444 2017 553 2088 linguas
572 2020 771 2092 mancipiorum

109 2095 284 2150 Contemnes:
309 2111 373 2148 nam
392 2095 486 2163 lingua
504 2095 569 2148 mali
588 2112 653 2163 pars
670 2098 790 2166 pessima
808 2096 888 2154 servi.
922 2113 958 2152 lac

108 2171 235 2226 Deterior
253 2175 347 2226 tamen
365 2171 410 2225 hic
429 2171 476 2241 qui
495 2171 565 2225 liber
583 2188 638 2225 non
657 2173 711 2227 erit
728 2173 783 2229 illis

109 2249 229 2314 Quonam
248 2247 352 2302 animas
372 2251 402 2302 et
421 2248 495 2302 farre
514 2263 563 2302 suc
583 2247 703 2302 custodit
722 2253 752 2304 et
770 2267 844 2306 aere.

142 2323 249 2378 Idcirco
268 2326 301 2376 ut
318 2324 421 2392 possim
441 2323 563 2392 linguam
582 2327 757 2380 contemnere
775 2327 854 2394 servi,

108 2399 183 2455 Utile
200 2399 342 2454 consilium
360 2399 443 2454 medo
460 2399 511 2453 sed
529 2416 673 2454 commune
691 2400 808 2457 dedisti:

109 2476 187 2531 Nunc
212 2475 279 2530 mihi
303 2475 370 2545 quid
392 2475 492 2531 suades
520 2477 584 2544 post
612 2475 744 2530 damnum
769 2477 903 2548 temporis
927 2483 958 2534 et

176 2571 238 2624 apes
414 2577 418 2588 ·
922 2572 958 2612 ιιι

110 2631 260 2699 Deceptasl
296 2630 422 2686 Festinat
439 2630 512 2685 enim
529 2630 676 2686 decurrere
693 2633 773 2686 velox

110 2707 247 2762 illoscnlus
264 2710 398 2777 angristae
415 2707 587 2776 miseraeque
604 2706 765 2762 brevissima
781 2710 856 2765 vitae

110 2788 214 2844 Portio:
233 2789 299 2843 dum
316 2788 442 2856 bibimus,
461 2788 528 2842 dnm
544 2791 627 2856 serta,
644 2794 793 2859 unguenta,
812 2789 918 2860 puellas

111 2865 256 2930 Poscimus,
274 2865 383 2934 obrepit
400 2879 454 2918 nou
471 2863 611 2919 intellecta
627 2867 759 2922 senectus.

141 2941 184 2996 Nc
200 2941 323 3011 trepida:
342 2957 482 3011 nunquam
499 2940 626 3010 pathicus
643 2940 695 2996 tibi
713 2943 803 3000 deerit
821 2943 924 3000 amicus

111 3018 249 3074 stantibus
267 3021 297 3072 et
314 3017 395 3072 salvia
413 3016 455 3071 his
473 3015 743 3088 collibus311ndique
761 3021 798 3076 ad
814 3020 877 3076 illos
922 3035 956 3074 1³1

54 3105 57 3112 '
112 3095 276 3150 Conuenient
293 3099 323 3150 et
340 3093 478 3164 carpentis
495 3097 525 3148 et
542 3092 655 3147 navibus
672 3111 766 3152 omnes

112 3171 161 3238 Qui
177 3169 265 3240 digito
282 3168 409 3238 scalpunt
425 3185 480 3227 uno
497 3171 588 3240 eaput
617 3169 717 3230 Altera
731 3174 820 3245 major
