2164 3536
452 103 586 153 SATIRA
603 103 653 152 XI.
948 107 979 159 78

93 237 94 240 η
123 195 191 252 Jom
212 194 308 252 nimios
329 194 467 266 capitique
486 211 593 264 graves.
629 194 703 250 Hinc
720 195 808 264 surgit
828 195 927 264 oraxis,

124 271 200 328 Hinc
218 273 359 330 stomacho
379 273 465 336 vires3
487 289 552 328 nam
570 289 620 342 pes
638 275 785 340 argentoun
804 273 857 328 illis

123 350 254 404 Annulus
271 350 300 404 in
322 349 409 418 digito
428 349 504 418 quod
524 349 638 404 ferreus.
673 349 746 418 Ergo
768 350 917 420 superbum

123 426 273 482 Convivam
291 443 381 494 caveo,
401 426 449 494 qui
468 443 513 480 mo
532 426 584 482 sibi
605 429 745 495 comparat
764 430 794 480 et
813 443 857 482 res
938 441 975 480 1eo

123 503 248 574 Despicit
269 503 389 572 exiguas.
427 502 508 557 Adeo
527 502 602 558 nulla
620 502 701 556 uncia
719 501 798 558 nobis

122 579 174 634 lust
193 579 290 646 eboris,
310 595 361 636 neo
380 579 513 646 tessellae,
533 595 583 632 noc
604 578 721 632 calculus
741 594 777 632 ex
795 577 846 634 hac

121 653 254 710 Materia:
278 655 344 725 quin
362 655 422 724 ipsa
443 655 586 710 manubria
607 654 780 711 cultellorum

122 730 226 796 Osseo3
249 747 302 785 non
321 735 416 786 tamen
435 730 476 784 his
496 731 552 784 ulla
571 747 693 800 unquam
712 729 825 786 obsonia
843 731 914 786 fiunt

123 805 283 876 Rancidula
302 811 352 862 aut
369 805 432 862 ideo
450 804 529 876 pejor
547 806 648 875 gallina
668 811 785 862 secatur.
892 878 895 882 Ι
942 822 978 865 rat

121 882 180 938 Sed
197 901 248 939 nco
266 887 387 938 structor
407 882 461 940 erit
480 881 524 938 cui
544 882 642 937 cedere
664 882 765 938 debeat
784 883 873 938 omnis

122 958 250 1030 Pergula,
272 960 421 1031 discipulus
441 958 572 1030 Trypheri
592 959 718 1028 doctoris,
740 959 815 1030 apud
833 977 915 1031 quem

122 1035 234 1092 Suminc
254 1054 316 1093 cum
337 1053 437 1106 magno
454 1037 531 1104 lapus
552 1041 636 1105 atquc
656 1053 724 1106 aper
744 1041 773 1091 et
791 1054 927 1107 pygargus

122 1113 161 1169 Et
180 1113 321 1183 Scythicae
340 1114 465 1168 volucres
486 1114 516 1168 et
534 1112 763 1182 phoenicopterus
782 1113 877 1182 ingens

122 1190 162 1245 ut
181 1191 315 1246 Gaetulus
335 1206 401 1258 oryx
419 1189 514 1244 hebeti
536 1189 689 1244 lautissima
707 1189 780 1244 ferro
942 1208 977 1248 140

122 1267 262 1335 Caeditur,
283 1271 313 1322 et
331 1271 393 1324 tcta
411 1269 490 1320 sonat
510 1265 602 1320 udmea
619 1281 704 1320 coena
724 1266 855 1322 suburra.

121 1342 181 1398 Neo
199 1343 316 1398 frustum
335 1359 450 1412 capreae
471 1341 624 1396 subduccre
644 1359 696 1396 nec
716 1341 790 1397 latus
810 1345 897 1400 Afrae

120 1418 206 1474 Novit
225 1419 282 1474 avis
302 1423 404 1486 noster,
424 1417 576 1473 timnoulus
597 1434 629 1472 ac
647 1417 724 1472 rudis
746 1420 820 1478 omni

125 1493 260 1566 'lampone
277 1498 307 1550 et
326 1495 440 1564 exiguae
460 1494 540 1548 furtis
559 1493 682 1550 imbutus
701 1495 806 1552 ofellae.

121 1570 247 1627 Plebeios
263 1572 361 1627 calices
382 1575 412 1626 et
430 1571 524 1641 paucis
545 1570 650 1625 assibus
672 1575 761 1628 emtas
940 1589 976 1638 145

122 1647 249 1717 Porriget
266 1647 386 1702 incultus
406 1665 476 1717 puer
495 1649 579 1714 atque
602 1647 739 1716 afrigore
757 1650 851 1716 tutus3

121 1723 185 1780 Non
207 1723 299 1794 Phryx
316 1728 365 1780 aut
380 1723 486 1792 Lycius,
507 1739 562 1776 non
581 1739 598 1776 a
619 1741 753 1792 mangone
771 1727 876 1794 petitus
918 1766 920 1772 η

122 1799 271 1870 Quisquam
290 1800 344 1856 erit
362 1803 392 1855 et
410 1815 516 1868 magno.
554 1799 644 1865 Quum
660 1817 755 1870 posces
769 1819 850 1870 posce
869 1802 974 1865 Latine.

122 1875 202 1930 idem
220 1876 330 1932 habitus
349 1876 461 1943 cunctis,
482 1876 554 1932 tonsi
573 1877 697 1946 rectique
717 1877 808 1946 capilli

101 1953 217 2022 'Atque
235 1952 317 2008 hodie
336 1956 446 2009 tautum
464 1956 579 2022 propter
598 1953 721 2008 convivia
740 1953 812 2024 pexi.
857 1993 862 2008 .
940 1971 977 2013 rso

122 2028 243 2084 Pastoris
263 2029 325 2084 duri
346 2032 390 2086 est
404 2028 449 2082 hic
469 2029 548 2098 filius,
566 2029 612 2084 illc
630 2029 754 2086 bubulci:

122 2105 253 2174 Suspirat,
264 2105 345 2174 longo
364 2121 420 2160 non
438 2105 524 2162 uisam
543 2110 668 2175 tempore
686 2109 814 2160 matrem.

121 2181 159 2236 Et
177 2182 296 2236 doulam
317 2185 346 2236 et
365 2183 445 2236 notos
464 2182 552 2236 tristis
571 2181 711 2236 desiderat
730 2181 840 2252 haedos,

122 2257 239 2326 Ingenui
257 2257 350 2313 vultus
368 2274 437 2328 puer
455 2257 621 2327 ingenuique
640 2257 761 2328 pudoris,

121 2332 221 2399 Quales
239 2350 299 2388 esse
319 2333 400 2390 decet
419 2351 488 2404 quos
507 2334 607 2388 ardens
626 2350 748 2404 purpura
765 2334 862 2392 vestit:
941 2350 976 2394 1⁶5

14 2411 19 2418 '
121 2409 147 2462 N
149 2425 180 2464 ec
197 2409 344 2479 pugillares
363 2411 455 2468 defert
472 2410 502 2464 in
520 2409 625 2472 balnea,
637 2426 735 2466 raucus

121 2485 280 2553 Testiculos,
299 2503 350 2542 nco
369 2487 508 2542 vellendas
524 2485 583 2555 jam
603 2485 731 2556 praebuit
749 2487 814 2556 alas,

122 2561 220 2616 Orassa
238 2580 289 2618 nec
308 2563 435 2634 opposito
452 2563 568 2632 pavidus
585 2563 657 2632 tegit
674 2564 787 2634 inguina
803 2566 892 2634 gutte.

122 2637 177 2692 Hic
195 2639 247 2692 tibi
265 2640 328 2694 vina
347 2637 427 2694 dabit
446 2639 545 2694 diffusa
562 2639 591 2694 in
608 2639 748 2696 montibus
764 2641 818 2694 illis

122 2717 149 2770 A
169 2714 269 2784 quibus
286 2717 346 2784 ipse
364 2715 448 2783 venit,
468 2732 583 2784 quorum
603 2715 654 2770 sub
673 2717 776 2771 uertice
792 2717 871 2774 lusit:
940 2733 976 2774 lca

121 2792 248 2861 Namque
259 2809 315 2847 una
326 2796 410 2863 atque
422 2792 520 2848 eadem
532 2797 575 2847 est
587 2793 641 2846 viui
653 2793 744 2863 patria
755 2797 839 2865 atquc
850 2794 974 2855 ministri

122 2867 249 2924 Forsitan
269 2874 411 2939 exspectes
429 2873 461 2926 ut
481 2870 618 2924 Gaditana
636 2887 735 2924 canoro

64 2963 67 2969 ¹
122 2943 241 3014 Incipiat
259 2947 366 3014 prurire
385 2946 468 3001 choro
487 2947 638 3016 plausuque
657 2946 789 3014 probatae

122 3020 169 3075 Ad
187 3025 291 3076 terram
307 3023 426 3078 tremulo
443 3022 613 3078 descendant
630 3023 710 3078 clune
728 3023 849 3093 puellae:

84 3101 87 3109 '
121 3095 264 3165 (Spectant
281 3097 333 3152 hoc
349 3102 453 3169 nuptae
470 3098 555 3169 juxta
570 3097 720 3154 recubante
738 3101 837 3156 marito
941 3117 975 3156 roo

122 3169 201 3238 Quod
218 3173 323 3241 pudeat
341 3191 468 3232 narrasse
485 3175 603 3246 aliquem
621 3175 812 3246 praesentibus
830 3175 906 3246 ipsis)
