2134 3536
121 147 153 197 28
356 146 389 196 D.
407 146 514 196 JUNII
530 147 549 197 J
552 147 740 198 UVENALIS

121 235 150 291 si
169 234 220 291 tibi
240 235 386 306 contigerit
405 237 504 306 capitis
523 240 649 292 matrona
667 237 766 309 pudici,

121 311 230 366 Paucae
248 312 317 367 adeo
336 313 445 368 Cereris
463 313 548 369 vittas
567 314 725 383 contingere
745 313 843 384 dignae
953 330 980 371 so

121 389 243 454 Quarum
261 406 315 444 nen
333 389 431 446 timeat
449 393 530 461 pater
548 391 648 445 oscula
684 391 772 446 Necte
791 407 922 448 eoronam

121 465 250 520 Postibus
268 470 298 521 et
316 466 417 522 densos
435 484 487 538 per
505 468 601 522 limina
618 467 704 522 tende
723 467 871 536 corymbos

120 542 200 598 Unus
219 543 371 598 Hiberinae
389 545 431 599 vir
449 545 555 600 sufficit
592 544 675 599 Ocius
693 543 763 598 illud

121 619 305 689 Extorquebis
323 624 356 676 ut
375 621 443 676 haec
462 621 539 676 oculo
559 623 689 676 contenta
708 621 745 675 sit
763 637 825 676 uno.

121 696 223 764 Magna
241 699 335 751 tamen
352 697 427 752 fama
445 701 489 752 est
507 696 651 767 cujusdam
670 713 736 752 rure
754 700 868 767 paterne
954 713 980 753 ss

120 771 255 827 Viventis.
290 772 375 828 Vivat
394 773 489 828 Gabiis
507 777 540 828 ut
557 774 627 828 vixit
645 774 673 827 in
692 790 775 842 agr03

121 848 206 904 Vivat
225 849 344 906 Fidenis.
379 851 417 904 Et
433 851 522 919 agello
540 850 609 905 cedo
628 853 759 921 paterno:

122 925 189 992 Quis
206 929 299 981 tamen
317 927 435 981 affirmat
453 927 492 980 nil
511 931 602 982 actum
621 927 650 981 in
671 927 809 981 mentibus
827 929 924 983 autin

121 1003 278 1072 Speluncis?
314 1003 395 1057 Adeo
414 1007 562 1058 seuueumt
581 1004 712 1074 Juppiter
730 1007 760 1058 et
777 1004 871 1060 Marsi

121 1078 311 1134 Porticibusne
329 1079 382 1134 tibi
400 1083 570 1134 monstratur
588 1081 688 1134 femina
706 1083 770 1134 voto
950 1095 977 1135 eo

121 1155 213 1225 Digna
230 1158 296 1212 tuot
333 1156 434 1212 Ouueis
452 1173 487 1210 au
506 1156 610 1211 habent
628 1156 784 1227 spectacula
801 1156 870 1212 totis

122 1231 203 1296 Quod
222 1248 334 1288 secunus
352 1249 428 1288 ames
448 1233 577 1303 quodque
595 1233 661 1288 inde
680 1249 829 1304 excerpere
846 1231 954 1301 possisl

122 1307 304 1364 chironomon
323 1309 428 1364 Ledam
447 1309 521 1364 molli
541 1309 659 1364 saltante
679 1309 813 1378 Bathyllo,

121 1385 220 1440 'l'uccia
238 1386 345 1441 vesicae
362 1403 417 1440 non
436 1385 567 1456 imperat3
587 1386 698 1456 Appula
716 1386 811 1455 gannit

122 1462 200 1518 Sicut
217 1463 245 1516 iu
265 1464 394 1534 amplexu
400 1485 407 1531 ;
428 1463 551 1518 subitum
569 1466 599 1518 et
617 1463 772 1518 miserabile
791 1463 904 1532 longum
952 1479 977 1518 m

122 1539 255 1594 Attendit
273 1540 414 1609 Thymeley
434 1540 564 1610 'l'hymele
583 1542 649 1594 tunc
669 1541 773 1594 rustica
791 1540 880 1596 discit

122 1617 178 1670 Ast
197 1617 273 1684 aliae,
293 1616 400 1686 quoties
418 1617 514 1670 aulaea
531 1616 673 1671 recondita
691 1619 800 1671 cessant

122 1693 159 1748 nt
177 1709 262 1747 vacuo
281 1692 427 1763 clausoque
447 1693 622 1748 sonantiora
641 1693 824 1748 solatheatro

122 1771 218 1838 Atque
236 1786 253 1823 a
270 1768 387 1839 plebeiis
405 1771 486 1839 longe
505 1770 662 1838 Megalesia,
679 1769 775 1824 tristes

122 1847 271 1900 Personam
288 1846 468 1917 thyrsumque
486 1849 583 1901 tenent
601 1850 631 1901 et
650 1845 772 1914 subligar
791 1845 869 1901 Acci.
951 1859 976 1903 ro
1053 1857 1054 1862 ’

121 1922 241 1978 Urbicus
260 1921 358 1978 exodio
376 1924 461 1978 risum
480 1926 573 1978 movet
592 1923 752 1978 Attollanae

122 1998 251 2055 Gestibus
270 2001 427 2066 Autonoes;
447 1999 520 2054 hunc
538 1999 630 2068 diligit
649 1999 729 2054 Aelia
747 2015 863 2068 pauper:

121 2075 243 2132 Solvitur
260 2075 304 2130 his
322 2092 421 2145 magno
439 2076 563 2131 comoedi
581 2075 677 2131 fibula:
699 2080 764 2131 sunt
782 2093 853 2145 quae

122 2153 326 2222 Chrysogonum
344 2157 456 2209 cantare
474 2157 583 2209 retent:
605 2151 733 2222 Hispulla
750 2152 884 2221 tragoedo

60 2247 62 2252 ·
121 2229 240 2286 Gaudet.
277 2232 324 2284 An
342 2234 485 2300 exspectas
501 2233 534 2284 ut
552 2229 735 2296 Quintilianus
754 2230 878 2284 ameturl
950 2245 974 2286 rs
1052 2195 1053 2288 l

122 2307 233 2377 Accipis
251 2323 366 2362 uxorem
385 2307 421 2362 de
440 2323 495 2377 qua
513 2305 687 2362 citharoedus
707 2303 811 2360 Echion
1052 2303 1053 2318 ¹

122 2385 182 2440 Aut
201 2383 354 2453 Glaphyrus
373 2384 423 2439 fiat
440 2388 522 2455 pater
541 2382 758 2452 Ambrosiusque
778 2380 929 2438 choraules.

121 2461 217 2530 Longa
234 2476 285 2531 per
303 2464 434 2529 auguratus
452 2460 569 2530 tigamus
587 2459 693 2529 pulpita
710 2459 792 2526 vicos,

121 2537 263 2593 Omentur
280 2540 374 2606 postes
392 2540 422 2592 et
440 2537 539 2606 grandi
553 2536 640 2606 janua
658 2536 743 2606 lauro,

120 2615 163 2670 Ut
180 2613 337 2669 testudineo
355 2612 415 2684 tibi,
434 2613 559 2680 Lentule,
579 2628 698 2682 conopeo
949 2629 973 2669 so

121 2691 228 2746 Nobilis
248 2690 395 2760 Euryalum
413 2689 604 2744 mirmillonum
623 2689 760 2759 exprimat
778 2688 873 2744 infans.

120 2768 217 2838 Nupta
235 2767 360 2822 Senatori
378 2767 509 2822 comitata
527 2768 570 2820 cst
590 2765 693 2836 Hippia
710 2765 815 2820 ludium

121 2845 170 2900 Ad
189 2843 297 2898 Pharon
315 2846 346 2898 et
364 2843 458 2898 Nilum
476 2843 635 2912 famosaque
652 2843 757 2898 moenia
775 2841 850 2911 Lagi,

122 2921 252 2989 Prodigia
269 2925 299 2975 et
317 2936 407 2975 mores
422 2920 498 2974 urhis
514 2920 663 2975 damnante
681 2920 798 2990 Canopo.
841 2913 845 2930 ⁸

122 2998 272 3053 Immemor
289 2995 337 3050 illa
355 2998 452 3051 domus
471 3001 500 3052 et
519 2996 642 3066 conjugis
660 3001 744 3066 atque
762 2995 861 3051 sororis
949 3011 972 3051 ss

82 3082 85 3088 '
122 3073 170 3128 Nil
187 3072 294 3142 patriae
311 3072 432 3141 indulsit,
451 3072 645 3143 plorantesque
663 3073 788 3144 improba
805 3076 892 3144 natos,

122 3149 219 3218 thue
237 3147 324 3217 magis
343 3152 454 3218 stupeas
472 3149 552 3204 ludos
571 3149 754 3219 Paridemque
772 3149 891 3218 reliquit.

124 3225 181 3282 Sed
199 3241 355 3296 quanquam
373 3225 401 3280 in
418 3226 524 3296 magnis
542 3225 639 3296 opibus
657 3227 804 3297 plumaque
822 3229 938 3296 patema
